Store,Timestamp,Product Name,Size,Original Price,Discounted Price,Unit Price,Product Link
Foodland Balaklava,2025-05-04 23:54:15,Bananas Per Kg,N/A,N/A,$1.08,$4.90 per kg,https://foodlandbalaklava.com.au//lines/bananas-per-kg
Foodland Balaklava,2025-05-04 23:54:15,Foodland Full Cream Milk,3L,was $5.55,$5.10,$1.70 per L,https://foodlandbalaklava.com.au//lines/f-land-whole-milk-3lt
Foodland Balaklava,2025-05-04 23:54:15,Tomatoes Per Kg,N/A,was $5.90 per kg,$0.63,$4.50 per kg,https://foodlandbalaklava.com.au//lines/tomatoes-1st-coloured-kg
Foodland Balaklava,2025-05-04 23:54:15,Carrots,1kg,N/A,$1.90,$1.90 per kg,https://foodlandbalaklava.com.au//lines/carrots-1-kg
Foodland Balaklava,2025-05-04 23:54:15,Strawberries Punnet,250g,N/A,$8.00,$32.00 per kg,https://foodlandbalaklava.com.au//lines/strawberries-punnet-250g-21
Foodland Balaklava,2025-05-04 23:54:15,Cucumber Continental Each,N/A,N/A,$2.40,N/A,https://foodlandbalaklava.com.au//lines/cucumber-continental-each
Foodland Balaklava,2025-05-04 23:54:15,Seedless Watermelon Per Kg,N/A,N/A,$5.90,$5.90 per kg,https://foodlandbalaklava.com.au//lines/seedless-watermelon-per-kg
Foodland Balaklava,2025-05-04 23:54:15,Hot Chicken Ex Large,N/A,N/A,$12.99,N/A,https://foodlandbalaklava.com.au//lines/hot-chicken-ex-large-1
Foodland Balaklava,2025-05-04 23:54:15,Apples Pink Lady Per Kg,N/A,N/A,$1.07,$5.95 per kg,https://foodlandbalaklava.com.au//lines/apples-pink-lady-per-kg
Foodland Balaklava,2025-05-04 23:54:15,Grapes white seedless per kg,N/A,N/A,$8.00,N/A,https://foodlandbalaklava.com.au//lines/white-seedless-grapes-per-kg
Foodland Balaklava,2025-05-04 23:54:15,Lettuce Iceberg,N/A,was $5.90,$4.50,N/A,https://foodlandbalaklava.com.au//lines/lettuce-iceberg
Foodland Balaklava,2025-05-04 23:54:15,Capsicum Red Per Kg,N/A,N/A,$2.02,$12.60 per kg,https://foodlandbalaklava.com.au//lines/capsicum-red-per-kg
Foodland Balaklava,2025-05-04 23:54:15,"Wonder White Wonder High Fibre, Vitamins & Minerals White Sliced Bread Sandwich",700g,was $5.45,$4.50,$0.64 per 100g,https://foodlandbalaklava.com.au//lines/wonder-wht-s-wc-vit-min-700gm
Foodland Balaklava,2025-05-04 23:54:15,Foodland Reduced Fat Milk,2L,was $3.80,$3.40,$1.70 per L,https://foodlandbalaklava.com.au//lines/f-land-reduced-fat-milk-2lt
Foodland Balaklava,2025-05-04 23:54:15,Avocado Pear Each,N/A,N/A,$3.20,N/A,https://foodlandbalaklava.com.au//lines/avocado-pear-each
Foodland Balaklava,2025-05-04 23:54:15,Foodland Thickened Cream,300mL,was $3.80,$3.60,$1.20 per 100mL,https://foodlandbalaklava.com.au//lines/f-land-cream-thickened-300ml
Foodland Balaklava,2025-05-04 23:54:15,Onions Brown Loose Per Kg,N/A,N/A,$0.64,$3.50 per kg,https://foodlandbalaklava.com.au//lines/onions-brown-loose-per-kg
Foodland Balaklava,2025-05-04 23:54:15,Broccoli Pieces Per Kg,N/A,N/A,$2.73,$6.20 per kg,https://foodlandbalaklava.com.au//lines/broccoli-pieces-per-kg
Foodland Balaklava,2025-05-04 23:54:15,Tomatoes Mini Roma,200g,was $4.40,$3.30,$16.50 per kg,https://foodlandbalaklava.com.au//lines/tomatoes-mini-roma-200gm-2
Foodland Balaklava,2025-05-04 23:54:15,Foodland Full Cream Milk,2L,was $3.80,$3.40,$1.70 per L,https://foodlandbalaklava.com.au//lines/f-land-whole-milk-2lt
Foodland Balaklava,2025-05-04 23:54:15,Pears Green Per Kg,N/A,N/A,$1.07,$5.50 per kg,https://foodlandbalaklava.com.au//lines/pears-green-per-kg
Foodland Balaklava,2025-05-04 23:54:15,Country Fresh Egg Caged 12pk,700g,N/A,$5.20,$0.74 per 100g,https://foodlandbalaklava.com.au//lines/c-frsh-egg-caged-12pk-700gm
Foodland Balaklava,2025-05-04 23:54:15,Buttercup Bread White,700g,N/A,$3.50,$0.50 per 100g,https://foodlandbalaklava.com.au//lines/b-cup-bread-white-700g
Foodland Balaklava,2025-05-04 23:54:15,Kc Beef Mince 4 Star,500g,N/A,$11.05,$22.10 per kg,https://foodlandbalaklava.com.au//lines/k-crown-beef-mince-4star-500g
Foodland Balaklava,2025-05-04 23:54:15,Zucchini Loose Per Kg,N/A,N/A,$0.78,$4.20 per kg,https://foodlandbalaklava.com.au//lines/zucchini-loose-per-kg
Foodland Balaklava,2025-05-04 23:54:15,Blueberries Punnet,125g,N/A,$10.40,$83.20 per kg,https://foodlandbalaklava.com.au//lines/blueberries-punnet-125g
Foodland Balaklava,2025-05-04 23:54:15,Chicken Breast Fillets,N/A,N/A,$14.50,N/A,https://foodlandbalaklava.com.au//lines/ingham-chicken-breasts
Foodland Balaklava,2025-05-04 23:54:15,Onions Red Per Kg,N/A,N/A,$1.27,$6.90 per kg,https://foodlandbalaklava.com.au//lines/onions-red-per-kg
Foodland Balaklava,2025-05-04 23:54:15,Black & Gold Full Cream Milk Uht,1L,was $1.60,$1.50,$1.50 per L,https://foodlandbalaklava.com.au//lines/b-gold-milk-f-crm-uht-1l
Foodland Balaklava,2025-05-04 23:54:15,Golden Crumpet Rounds 6pk,N/A,N/A,$4.60,$1.53 per 100g,https://foodlandbalaklava.com.au//lines/golden-crumpets-pk6
Foodland Balaklava,2025-05-04 23:54:15,Tip Top® The One® White Sandwich,700g,was $5.90,$4.50,$0.64 per 100g,https://foodlandbalaklava.com.au//lines/t-top-brd-the-one-white-700gm
Foodland Balaklava,2025-05-04 23:54:15,Plains Producer,N/A,N/A,$3.50,N/A,https://foodlandbalaklava.com.au//lines/plains-producer-1
Foodland Balaklava,2025-05-04 23:54:15,Pura Light Start Milk,2L,was $4.75,$4.70,$2.35 per L,https://foodlandbalaklava.com.au//lines/pura-light-start-2l
Foodland Balaklava,2025-05-04 23:54:15,Black & Gold Cream Thickened,600mL,N/A,$4.50,$0.75 per 100mL,https://foodlandbalaklava.com.au//lines/b-gold-cream-thickened-600ml
Foodland Balaklava,2025-05-04 23:54:15,Onions Brown Pre Pack,1kg,N/A,$3.50,$3.50 per kg,https://foodlandbalaklava.com.au//lines/onions-brown-pre-pack-1kg
Foodland Balaklava,2025-05-04 23:54:15,Potatoes Sweet Per Kg,N/A,was $4.80 per kg,$1.48,$3.60 per kg,https://foodlandbalaklava.com.au//lines/potatoes-sweet-per-kg
Foodland Balaklava,2025-05-04 23:54:15,Raspberries Punnet,125g,N/A,$5.80,$46.40 per kg,https://foodlandbalaklava.com.au//lines/raspberries-punnet-125g
Foodland Balaklava,2025-05-04 23:54:15,Golden Bakery 6 Crumpet Squares 6 Pack,425g,was $4.90,$3.50,$0.82 per 100g,https://foodlandbalaklava.com.au//lines/golden-crumpets-brks-425gm
Foodland Balaklava,2025-05-04 23:54:15,Rockmelon Per Kg,N/A,N/A,$2.70,$5.50 per kg,https://foodlandbalaklava.com.au//lines/rockmelon-per-kg
Foodland Balaklava,2025-05-04 23:54:15,Foodland Water,10L,was $5.15,$4.20,$0.42 per L,https://foodlandbalaklava.com.au//lines/f-land-spring-water-10l
Foodland Balaklava,2025-05-04 23:54:15,Birds Eye Golden Crunch Supercrunch Chips,750g,was $5.90,$5.00,$6.67 per kg,https://foodlandbalaklava.com.au//lines/b-eye-chips-s-c-crunch-750gm
Foodland Balaklava,2025-05-04 23:54:15,Mission Original Wraps 8pk,N/A,was $5.80,$4.50,$0.79 per 100g,https://foodlandbalaklava.com.au//lines/mission-wraps-original-8pk
Foodland Balaklava,2025-05-04 23:54:15,Bega Farmers Tasty Natural Cheese Slices,500g,was $11.55,$11.00,$22.00 per kg,https://foodlandbalaklava.com.au//lines/bega-chse-chdr-tasty-slc-500gm
Foodland Balaklava,2025-05-04 23:54:15,Grapes Red Per Kg,N/A,N/A,$6.90,N/A,https://foodlandbalaklava.com.au//lines/grapes-dark-per-kg
Foodland Balaklava,2025-05-04 23:54:15,Mushrooms Loose Per Kg,N/A,N/A,$0.29,$14.45 per kg,https://foodlandbalaklava.com.au//lines/mushrooms-loose-per-kg
Foodland Balaklava,2025-05-04 23:54:15,Potatoes Premium Loose Kg,N/A,N/A,$0.86,$6.00 per kg,https://foodlandbalaklava.com.au//lines/potatoes-premium-loose-kg
Foodland Balaklava,2025-05-04 23:54:15,Black & Gold Sour Cream,300mL,N/A,$3.40,$1.13 per 100mL,https://foodlandbalaklava.com.au//lines/b-gold-cream-sour-300ml
Foodland Balaklava,2025-05-04 23:54:15,Birds Eye Corn Cobs Supersweet,1kg,N/A,$6.00,$6.00 per kg,https://foodlandbalaklava.com.au//lines/b-eye-corn-sunny-cobs-1kg
Foodland Balaklava,2025-05-04 23:54:17,Ham Traditional,N/A,N/A,$26.99,N/A,https://foodlandbalaklava.com.au//lines/ham-traditional
Foodland Balaklava,2025-05-04 23:54:17,Foodland Bread Jumbo White,700g,was $3.40,$3.30,$0.47 per 100g,https://foodlandbalaklava.com.au//lines/f-land-brd-jumbo-white-700gm
Foodland Balaklava,2025-05-04 23:54:17,Kleenex Everyday 2 Ply Facial Tissues 200 Pack,N/A,was $3.45,$3.00,$1.50 Units100,https://foodlandbalaklava.com.au//lines/klnx-tissue-e-day-200s
Foodland Balaklava,2025-05-04 23:54:17,Arnott's Jatz Original Cracker,225g,was $4.00,$3.50,$1.56 per 100g,https://foodlandbalaklava.com.au//lines/arn-jatz-original-225gm
Foodland Balaklava,2025-05-04 23:54:17,Don® Leg Ham Shaved,200g,was $6.95,$5.00,$25.00 per kg,https://foodlandbalaklava.com.au//lines/don-ham-leg-shaved-200gm
Foodland Balaklava,2025-05-04 23:54:17,Pura Lactose Free Light Start,2L,N/A,$5.80,$2.90 per L,https://foodlandbalaklava.com.au//lines/pura-l-free-light-start-2l
Foodland Balaklava,2025-05-04 23:54:17,Foodland Multigrain Sandwich Bread,700g,was $3.40,$3.30,$0.47 per 100g,https://foodlandbalaklava.com.au//lines/f-land-brd-s-w-m-grain-700gm
Foodland Balaklava,2025-05-04 23:54:17,Pumpkin Butternut Per Kg,N/A,was $2.90 per kg,$1.14,$1.90 per kg,https://foodlandbalaklava.com.au//lines/pumpkin-butternut-per-kg
Foodland Balaklava,2025-05-04 23:54:17,R Fresh Baby Spinach,100g,N/A,$3.45,N/A,https://foodlandbalaklava.com.au//lines/r-fresh-english-spinach-100g
Foodland Balaklava,2025-05-04 23:54:17,Mighty Soft Hot Dog Rolls 6pk,N/A,was $6.25,$3.90,$65.00 per 100g,https://foodlandbalaklava.com.au//lines/mighty-soft-roll-hotdog-6pk
Foodland Balaklava,2025-05-04 23:54:17,Perfect Italiano Cheese Perfect Pizza Grated,450g,N/A,$9.50,$21.11 per kg,https://foodlandbalaklava.com.au//lines/perfect-chse-shrd-pizza-450gm
Foodland Balaklava,2025-05-04 23:54:17,Ingham's Chicken Breast Tenders Original,400g,was $5.50,$5.15,$12.88 per kg,https://foodlandbalaklava.com.au//lines/ingham-chick-brst-tenders400gm
Foodland Balaklava,2025-05-04 23:54:17,Western Star Spreadable Supersoft,500g,was $7.90,$6.70,$1.34 per 100g,https://foodlandbalaklava.com.au//lines/w-star-spread-supersoft-500gm
Foodland Balaklava,2025-05-04 23:54:17,Krc Fritz Smiley Rw,N/A,was $16.00,$11.90,N/A,https://foodlandbalaklava.com.au//lines/krc-fritz-smiley-rw-1
Foodland Balaklava,2025-05-04 23:54:17,Western Star Spreadable Original Soft,500g,was $7.90,$6.70,$1.34 per 100g,https://foodlandbalaklava.com.au//lines/w-star-spread-trad-500gm
Foodland Balaklava,2025-05-04 23:54:17,Black & Gold Salted Butter,500g,N/A,$7.00,$1.40 per 100g,https://foodlandbalaklava.com.au//lines/b-gold-butter-salted-500gm
Foodland Balaklava,2025-05-04 23:54:17,Kleenex Large & Thick 3 Ply Facial Tissues 95 Pack,N/A,N/A,$3.70,$3.89 Units100,https://foodlandbalaklava.com.au//lines/klnx-tissue-large-n-thick-95s
Foodland Balaklava,2025-05-04 23:54:17,Potatoes Washed,2.5kg,N/A,$7.50,$3.00 per kg,https://foodlandbalaklava.com.au//lines/potatoes-washed-2-5kg
Foodland Balaklava,2025-05-04 23:54:17,R/​Fresh Sweet Mix Lettuce,120g,N/A,$3.45,N/A,https://foodlandbalaklava.com.au//lines/r-fresh-sweet-mix-lettuce-100g
Foodland Balaklava,2025-05-04 23:54:17,Smith's Crinkle Cut Potato Chips Cheese & Onion,170g,was $5.25,$4.50,$2.65 per 100g,https://foodlandbalaklava.com.au//lines/smiths-crinkl-chs-onion-170gm
Foodland Balaklava,2025-05-04 23:54:17,Arnott's Shapes Originals Cracker Biscuits Chicken Crimpy,175g,was $4.00,$3.50,$2.00 per 100g,https://foodlandbalaklava.com.au//lines/arn-shapes-chicken-crimpy175gm
Foodland Balaklava,2025-05-04 23:54:17,Black & Gold White Sugar,2kg,N/A,$2.85,$0.14 per 100g,https://foodlandbalaklava.com.au//lines/b-gold-white-sugar-2kg
Foodland Balaklava,2025-05-04 23:54:17,Smith's Crinkle Cut Salt & Vinegar Potato Chips Share Pack,170g,was $5.25,$4.50,$2.65 per 100g,https://foodlandbalaklava.com.au//lines/smiths-crinkl-slt-ving-170gm
Foodland Balaklava,2025-05-04 23:54:17,Chiko Rolls,4g,N/A,$7.90,$1.22 per 100g,https://foodlandbalaklava.com.au//lines/b-eye-chiko-rolls-4s-650gm
Foodland Balaklava,2025-05-04 23:54:17,Golden North Milk,2L,was $5.29,$4.50,$2.25 per L,https://foodlandbalaklava.com.au//lines/gldn-nth-whole-milk-2l-1
Foodland Balaklava,2025-05-04 23:54:17,M/​Hill Spring Water,10L,N/A,$4.45,$0.44 per L,https://foodlandbalaklava.com.au//lines/m-hill-spring-water-10l
Foodland Balaklava,2025-05-04 23:54:17,Mighty Soft Hamburger Buns 6pk,N/A,was $6.25,$3.90,$0.65 Each,https://foodlandbalaklava.com.au//lines/mighty-soft-bun-hamburger-6pk
Foodland Balaklava,2025-05-04 23:54:17,Smith's Crinkle Cut Potato Chips Chicken,170g,was $5.25,$4.50,$2.65 per 100g,https://foodlandbalaklava.com.au//lines/smiths-crinkl-chicken-170gm
Foodland Balaklava,2025-05-04 23:54:17,Smith's Crinkle Cut Potato Chips Original,170g,was $5.25,$4.50,$2.65 per 100g,https://foodlandbalaklava.com.au//lines/smiths-crinkl-original-170gm
Foodland Balaklava,2025-05-04 23:54:17,Spring Onions Per Bunch,N/A,N/A,$2.60,N/A,https://foodlandbalaklava.com.au//lines/spring-onions-per-bunch
Foodland Balaklava,2025-05-04 23:54:17,Viva Paper Towels 3 Pack 21cm,N/A,was $6.85,$5.00,$2.78 per 100 Sheets,https://foodlandbalaklava.com.au//lines/viva-towel-triple-60-white-3pk
Foodland Balaklava,2025-05-04 23:54:17,Adelaide Hills Premium Leg Ham Rw,N/A,was $30.00,$25.90,N/A,https://foodlandbalaklava.com.au//lines/adelaide-hills-premium-leg-ham-rw-1
Foodland Balaklava,2025-05-04 23:54:17,Arnott's Cream Favourites,500g,was $6.50,$6.00,$1.20 per 100g,https://foodlandbalaklava.com.au//lines/arn-asst-creams-500gm
Foodland Balaklava,2025-05-04 23:54:17,Carrot Loose Per Kg,N/A,N/A,$0.39,$2.80 per kg,https://foodlandbalaklava.com.au//lines/loose-carrot-per-kg
Foodland Balaklava,2025-05-04 23:54:17,Celery Half,N/A,N/A,$2.55,N/A,https://foodlandbalaklava.com.au//lines/celery-half-2
Foodland Balaklava,2025-05-04 23:54:17,Coca-Cola Classic Soft Drink Multipack Cans,30 x 375mL,was $52.50,$30.90,$2.75 per L,https://foodlandbalaklava.com.au//lines/coca-cola-family-pk-30x375ml
Foodland Balaklava,2025-05-04 23:54:17,Helgas Bread Mixed Grain,850g,was $6.55,$5.00,$0.59 per 100g,https://foodlandbalaklava.com.au//lines/helga-brd-mixed-grain-850gm
Foodland Balaklava,2025-05-04 23:54:17,Peculiar Pick Apples Bag,1.5kg,was $4.20,$3.90,$2.60 per kg,https://foodlandbalaklava.com.au//lines/apples-pink-lady-1-5kg-bag
Foodland Balaklava,2025-05-04 23:54:17,SLAPE BBQ SAUSAGES,1.5kg,was $10.75,$9.75,$6.50 per kg,https://foodlandbalaklava.com.au//lines/slapes-bbq-sausages-1-5kg
Foodland Balaklava,2025-05-04 23:54:17,Bacon Pieces,N/A,N/A,$19.00,N/A,https://foodlandbalaklava.com.au//lines/bacon-pieces
Foodland Balaklava,2025-05-04 23:54:17,Hans Short Cut Bacon Rindless,750g,was $17.85,$12.00,$16.00 per kg,https://foodlandbalaklava.com.au//lines/hans-bacon-shrt-cut-r-l-750gm
Foodland Balaklava,2025-05-04 23:54:17,Long Cheese & Bacon Roll,N/A,N/A,$2.99,N/A,https://foodlandbalaklava.com.au//lines/long-cheese-bacon-roll
Foodland Balaklava,2025-05-04 23:54:17,Tip Top English Muffins Original 6pk,N/A,was $6.20,$3.10,$0.78 per 100g,https://foodlandbalaklava.com.au//lines/t-top-muffins-english-pkt-6
Foodland Balaklava,2025-05-04 23:54:17,Bakers Oven Lamington Fingers,350g,N/A,$3.95,$1.13 per 100g,https://foodlandbalaklava.com.au//lines/b-ovn-lamington-fingers-350gm
Foodland Balaklava,2025-05-04 23:54:17,Foodland Reduced fat Milk,3L,was $5.65,$5.40,$1.80 per L,https://foodlandbalaklava.com.au//lines/f-land-reduced-fat-milk-3lt
Foodland Balaklava,2025-05-04 23:54:17,Ham Leg Aussie,N/A,N/A,$37.00,N/A,https://foodlandbalaklava.com.au//lines/ham-leg-aussie-1
Foodland Balaklava,2025-05-04 23:54:17,Kiwifruit Each,N/A,N/A,$1.40,N/A,https://foodlandbalaklava.com.au//lines/kiwifruit-each
Foodland Balaklava,2025-05-04 23:54:17,Kleenex Complete Clean Toilet Paper 45 Pack,N/A,was $33.10,$22.00,$0.27 per 100 Sheets,https://foodlandbalaklava.com.au//lines/klnx-t-roll-white-reg-45pk
Foodland Balaklava,2025-05-04 23:54:18,Tip Top Bakery Tip Top® The One® Soft White Toast E,700g,was $5.90,$4.50,$0.64 per 100g,https://foodlandbalaklava.com.au//lines/t-top-brd-the-one-toast-700gm
Foodland Balaklava,2025-05-04 23:54:18,Allen's Party Mix Lollies Bag,420g,was $6.85,$5.80,$1.38 per 100g,https://foodlandbalaklava.com.au//lines/allens-party-mix-420gm
Foodland Balaklava,2025-05-04 23:54:18,Arnott's Biscuits Family Favourites,500g,N/A,$5.00,$1.00 per 100g,https://foodlandbalaklava.com.au//lines/arn-family-asst-500gm
Foodland Balaklava,2025-05-04 23:54:18,Arnott's Tim Tam Original Family Pack Chocolate Biscuits,365g,N/A,$7.90,$2.16 per 100g,https://foodlandbalaklava.com.au//lines/arn-choc-tim-tam-v-pk-365gm
Foodland Balaklava,2025-05-04 23:54:18,Dairy Farmers Chocolate Milk,2L,was $8.00,$6.50,$3.25 per L,https://foodlandbalaklava.com.au//lines/classic-milk-choc-bottle-2l-1
Foodland Balaklava,2025-05-04 23:54:18,Foodland Hamburger Roll 6pk,N/A,was $4.20,$3.70,$0.62 Each,https://foodlandbalaklava.com.au//lines/f-land-rolls-hamburger-6pk-1
Foodland Balaklava,2025-05-04 23:54:18,Helgas Bread Continental Bakehouse Traditional Wholemeal,750g,was $6.55,$5.00,$0.67 per 100g,https://foodlandbalaklava.com.au//lines/helga-brd-trad-w-meal-750gm
Foodland Balaklava,2025-05-04 23:54:18,Yoplait Strawberry Yoghurt,1kg,N/A,$4.75,$0.48 per 100g,https://foodlandbalaklava.com.au//lines/yop-ygt-strawberry-1kg
Foodland Balaklava,2025-05-04 23:54:18,Community Co. Coleslaw,200g,was $2.05,$1.10,$5.50 per kg,https://foodlandbalaklava.com.au//lines/comm-co-aussie-coleslaw-200gm
Foodland Balaklava,2025-05-04 23:54:18,Baby Lebanese Cucumber,250g,N/A,$4.20,$16.80 per kg,https://foodlandbalaklava.com.au//lines/cucumbers-baby-lebanese-250g-3
Foodland Balaklava,2025-05-04 23:54:18,Country Fresh Egg Caged m,12 x 800g,N/A,$6.75,N/A,https://foodlandbalaklava.com.au//lines/c-frsh-egg-caged-12pk-800gm
Foodland Balaklava,2025-05-04 23:54:18,Garlic Loose Kg,N/A,N/A,$2.69,$29.90 per kg,https://foodlandbalaklava.com.au//lines/garlic-loose-kg
Foodland Balaklava,2025-05-04 23:54:18,Lemons Loose Per Kg,N/A,N/A,$1.43,$8.40 per kg,https://foodlandbalaklava.com.au//lines/lemons-loose-per-kg
Foodland Balaklava,2025-05-04 23:54:18,Lettuce Baby Cos Twn Pk,N/A,N/A,$4.90,$2.45 Each,https://foodlandbalaklava.com.au//lines/lettuce-baby-coz-twn-pk
Foodland Balaklava,2025-05-04 23:54:18,Mighty Soft Sliced Multigrain Bread Sandwich,700g,was $4.90,$3.90,$0.56 per 100g,https://foodlandbalaklava.com.au//lines/mighty-soft-m-grain-700gm
Foodland Balaklava,2025-05-04 23:54:18,Silverside Beef Slices,N/A,N/A,$28.00,N/A,https://foodlandbalaklava.com.au//lines/silverside-beef-slices-1
Foodland Balaklava,2025-05-04 23:54:18,Wonder White Wonder High Fibre & Iron Wholemeal Sliced Bread Sandwich,700g,was $5.45,$4.50,$0.64 per 100g,https://foodlandbalaklava.com.au//lines/wonder-wht-wholemeal-700gm
Foodland Balaklava,2025-05-04 23:54:18,Arnott's Shapes Originals Biscuits Xbox 25 Barbecue,175g,was $4.00,$3.50,$2.00 per 100g,https://foodlandbalaklava.com.au//lines/arn-shapes-orig-bbq-175gm
Foodland Balaklava,2025-05-04 23:54:18,Bega Farmers Tasty Natural Cheese Slices,250g,was $7.90,$5.50,$22.00 per kg,https://foodlandbalaklava.com.au//lines/bega-chse-chdr-tasty-slc-250gm
Foodland Balaklava,2025-05-04 23:54:18,Black & Gold Plain Flour,2kg,N/A,$2.70,$1.35 per kg,https://foodlandbalaklava.com.au//lines/b-gold-flour-plain-2kg
Foodland Balaklava,2025-05-04 23:54:18,Farmers Union Iced Coffee Ctn,600mL,was $3.25,$2.90,$4.83 per L,https://foodlandbalaklava.com.au//lines/farm-union-milk-iced-cofe600ml
Foodland Balaklava,2025-05-04 23:54:18,Pork Mince 3 Star,500g,N/A,$7.35,$14.70 per kg,https://foodlandbalaklava.com.au//lines/k-crown-pork-mince-500g
Foodland Balaklava,2025-05-04 23:54:18,Potato Spud Lite,1.5kg,N/A,$5.40,$3.60 per kg,https://foodlandbalaklava.com.au//lines/potato-spud-lite-1-5kg
Foodland Balaklava,2025-05-04 23:54:18,Slape And Son Barbecue Sausages,1kg,was $7.75,$6.50,N/A,https://foodlandbalaklava.com.au//lines/slapes-bbq-thin-1kg
Foodland Balaklava,2025-05-04 23:54:18,Uncle Tobys Plus Iron Breakfast Cereal With Cashews & Nutty Clusters,630g,was $9.25,$7.20,$1.14 per 100g,https://foodlandbalaklava.com.au//lines/u-toby-plus-iron-630gm
Foodland Balaklava,2025-05-04 23:54:18,Whiskas 1+ Years Adult Wet Cat Food With Chicken Mince Can,400g,was $2.85,$2.45,$0.61 per 100g,https://foodlandbalaklava.com.au//lines/whiskas-tsty-mnce-chicken400gm
Foodland Balaklava,2025-05-04 23:54:18,Yp Beef Topside Mince,N/A,N/A,$11.00,$21.99 per kg,https://foodlandbalaklava.com.au//lines/yp-beef-topside-mince-2
Foodland Balaklava,2025-05-04 23:54:18,Arnott's Biscuits Monte Carlo Cream,250g,was $4.20,$2.00,$0.80 per 100g,https://foodlandbalaklava.com.au//lines/arn-monte-carlo-250gm
Foodland Balaklava,2025-05-04 23:54:18,Bega Farmer's Tasty Grated Cheese,300g,was $7.90,$6.50,$21.67 per kg,https://foodlandbalaklava.com.au//lines/bega-chse-tasty-shrd-300gm
Foodland Balaklava,2025-05-04 23:54:18,Cabbage Quarter,N/A,N/A,$1.20,N/A,https://foodlandbalaklava.com.au//lines/cabbage-quarter
Foodland Balaklava,2025-05-04 23:54:18,Coca-Cola,24 x 375mL,N/A,$41.25,$4.58 per L,https://foodlandbalaklava.com.au//lines/coca-cola-24x375ml
Foodland Balaklava,2025-05-04 23:54:18,Doritos Corn Chips Cheese Supreme Share Pack,170g,was $5.00,$3.60,$2.12 per 100g,https://foodlandbalaklava.com.au//lines/doritos-c-chip-chse-sprm-170gm
Foodland Balaklava,2025-05-04 23:54:18,Foodland full cream Milk,1L,was $2.00,$1.90,$1.90 per L,https://foodlandbalaklava.com.au//lines/f-land-milk-1lt
Foodland Balaklava,2025-05-04 23:54:18,Four'n Twenty Party Pies,600g,was $8.95,$7.50,$1.25 per 100g,https://foodlandbalaklava.com.au//lines/4-n-20-pie-party-12s-600gm
Foodland Balaklava,2025-05-04 23:54:18,Heinz® Big Red® Condensed Tomato Soup,420g,was $2.65,$2.00,$0.48 per 100g,https://foodlandbalaklava.com.au//lines/hnz-soup-tomato-big-red-420gm
Foodland Balaklava,2025-05-04 23:54:18,Ingham Diced Chicken R/​W,N/A,N/A,$11.20,$14.00 per kg,https://foodlandbalaklava.com.au//lines/ingham-diced-chicken-r-w-1
Foodland Balaklava,2025-05-04 23:54:18,Nestle Peters Original Vanilla 2,N/A,N/A,$5.50,$0.28 per 100mL,https://foodlandbalaklava.com.au//lines/peters-i-crm-orig-vanilla-2l
Foodland Balaklava,2025-05-04 23:54:18,Potatoes Washed,5kg,was $10.80,$7.75,$1.55 per kg,https://foodlandbalaklava.com.au//lines/potatoes-washed-5kg
Foodland Balaklava,2025-05-04 23:54:18,Rohde Eggs Free Range,700g,N/A,$7.90,$1.13 per 100g,https://foodlandbalaklava.com.au//lines/rohde-eggs-free-range-700gm
Foodland Balaklava,2025-05-04 23:54:18,Salami Hung Mild,N/A,was $35.00,$29.90,N/A,https://foodlandbalaklava.com.au//lines/salami-hung-mild
Foodland Balaklava,2025-05-04 23:54:18,Whiskas 1+ Years Adult Wet Cat Food With Lamb Mince Can,400g,was $2.85,$2.45,$0.61 per 100g,https://foodlandbalaklava.com.au//lines/whiskas-mince-lamb-t-veg-400gm
Foodland Balaklava,2025-05-04 23:54:18,Community Co Asian Salad Kit,250g,was $5.30,$2.85,$11.40 per kg,https://foodlandbalaklava.com.au//lines/comm-co-asian-style-salad-kit-drs-250gm
Foodland Balaklava,2025-05-04 23:54:18,Arnott's Shapes Originals Variety 15 Multipack Chips Cracker Biscuits,375g,N/A,$6.50,$1.73 per 100g,https://foodlandbalaklava.com.au//lines/arn-shapes-var-mp-box-375gm
Foodland Balaklava,2025-05-04 23:54:18,Arnott's Tiny Teddy Variety Biscuits,375g,N/A,$6.50,$1.73 per 100g,https://foodlandbalaklava.com.au//lines/arn-tiny-teddy-var-mp-box375gm
Foodland Balaklava,2025-05-04 23:54:18,Bacon Middle Rashers,N/A,N/A,$20.00,N/A,https://foodlandbalaklava.com.au//lines/bacon-middle-rashers-1
Foodland Balaklava,2025-05-04 23:54:18,Birds Eye Broccoli Florets,500g,was $4.75,$4.50,$9.00 per kg,https://foodlandbalaklava.com.au//lines/b-eye-broccoli-500gm
Foodland Balaklava,2025-05-04 23:54:18,Black & Gold Tissues Facial 2ply 224s,N/A,N/A,$2.00,$0.89 Units100,https://foodlandbalaklava.com.au//lines/b-gold-tissues-facial-2ply224s
Foodland Balaklava,2025-05-04 23:54:18,Coca-Cola Zero Sugar Soft Drink Multipack Cans,30 x 375mL,was $52.50,$30.90,$2.75 per L,https://foodlandbalaklava.com.au//lines/coca-cola-n-sug-can-30x375ml
Foodland Balaklava,2025-05-04 23:54:20,Cucumber Lebanese Per Kg,N/A,N/A,$10.80,N/A,https://foodlandbalaklava.com.au//lines/cucumber-lebanese-per-kg-1
Foodland Balaklava,2025-05-04 23:54:20,Dorsogna Champagne Leg Ham Sliced,400g,was $10.00,$7.70,$19.25 per kg,https://foodlandbalaklava.com.au//lines/dors-chmp-leg-ham-sliced-400gm
Foodland Balaklava,2025-05-04 23:54:20,Fresh Pizza Large Hawaiian,N/A,N/A,$12.99,N/A,https://foodlandbalaklava.com.au//lines/fresh-pizza-large-hawaiian-1
Foodland Balaklava,2025-05-04 23:54:20,Ingham's Chicken Breast Chipees Original,400g,was $7.60,$5.15,$12.88 per kg,https://foodlandbalaklava.com.au//lines/ingham-chic-chipees-400gm
Foodland Balaklava,2025-05-04 23:54:20,Mccain Vegetables Peas And Corn 500,500g,was $4.00,$3.10,$6.20 per kg,https://foodlandbalaklava.com.au//lines/mcc-peas-corn-500gm
Foodland Balaklava,2025-05-04 23:54:20,Mushrooms Button,250g,N/A,$5.99,$29.95 per kg,https://foodlandbalaklava.com.au//lines/mushrooms-cups-200g-2
Foodland Balaklava,2025-05-04 23:54:20,Praise Everyday Coleslaw Dressing,330mL,was $3.80,$3.00,$0.91 per 100mL,https://foodlandbalaklava.com.au//lines/praise-drs-coleslaw-330ml
Foodland Balaklava,2025-05-04 23:54:20,Red Rock Deli Deli Style Potato Chips Honey Soy Chicken,165g,was $6.00,$4.50,$2.73 per 100g,https://foodlandbalaklava.com.au//lines/rr-deli-chip-hon-soy-chk-165gm
Foodland Balaklava,2025-05-04 23:54:20,Tip Top Bakery Tip Top® 9 Grain® Classic Sandwich E,700g,was $5.90,$4.50,$0.64 per 100g,https://foodlandbalaklava.com.au//lines/t-top-brd-9grain-medium-700g
Foodland Balaklava,2025-05-04 23:54:20,Tip Top Bakery Tip Top® Raisin Toast,520g,was $5.90,$5.50,$1.06 per 100g,https://foodlandbalaklava.com.au//lines/t-top-bread-raisin-toast-520gm
Foodland Balaklava,2025-05-04 23:54:20,Vaalia Kids Probiotic Yoghurt Strawberry Pouch,140g,was $2.50,$2.00,$1.43 per 100g,https://foodlandbalaklava.com.au//lines/vaalia-ygt-kids-s-berry-140gm
Foodland Balaklava,2025-05-04 23:54:20,Whiskas 1+ Years Adult Wet Cat Food With Beef Mince Can,400g,was $2.85,$2.45,$0.61 per 100g,https://foodlandbalaklava.com.au//lines/whiskas-minced-beef-400gm
Foodland Balaklava,2025-05-04 23:54:20,"Wonder White Wonder High Fibre, Vitamins & Minerals White Sliced Bread Toast",700g,was $5.45,$4.50,$0.64 per 100g,https://foodlandbalaklava.com.au//lines/wonder-wht-toast-vit-min-700gm
Foodland Balaklava,2025-05-04 23:54:20,Apples Gala Royal Per Kg,N/A,was $5.30 per kg,$0.70,$3.90 per kg,https://foodlandbalaklava.com.au//lines/apples-royal-gala-per-kg
Foodland Balaklava,2025-05-04 23:54:20,Arnott's Shapes Originals Biscuits Xbox 25 Pizza,190g,was $4.00,$3.50,$1.84 per 100g,https://foodlandbalaklava.com.au//lines/arn-shapes-orig-pizza-190gm
Foodland Balaklava,2025-05-04 23:54:20,Balfours Fresh Custard Tart 2 Pack,280g,N/A,$7.00,$2.50 per 100g,https://foodlandbalaklava.com.au//lines/balf-custard-tart-twin-pack
Foodland Balaklava,2025-05-04 23:54:20,Black & Gold Minced Garlic,250g,N/A,$1.25,$5.00 per kg,https://foodlandbalaklava.com.au//lines/b-gold-garlic-minced-250gm
Foodland Balaklava,2025-05-04 23:54:20,Community Co Tasty Cheese Block,750g,N/A,$11.35,$15.13 per kg,https://foodlandbalaklava.com.au//lines/comm-co-chse-blk-tasty-750gm
Foodland Balaklava,2025-05-04 23:54:20,Edgell Corn Kernels,420g,was $2.30,$1.95,$4.64 per kg,https://foodlandbalaklava.com.au//lines/edg-corn-kernel-whole-420gm
Foodland Balaklava,2025-05-04 23:54:20,Fresh Pizza Large Supreme,N/A,N/A,$12.99,N/A,https://foodlandbalaklava.com.au//lines/fresh-pizza-large-supreme-1
Foodland Balaklava,2025-05-04 23:54:20,Ham Virginian,N/A,N/A,$26.99,N/A,https://foodlandbalaklava.com.au//lines/ham-virginian-1
Foodland Balaklava,2025-05-04 23:54:20,Kangaroo Island Eggs X-Large Free Range Eggs,700g,N/A,$9.80,$14.00 per kg,https://foodlandbalaklava.com.au//lines/ki-free-range-eggs-700g
Foodland Balaklava,2025-05-04 23:54:20,Melosi Ham Leg B/​Less Rw,N/A,N/A,$30.00,N/A,https://foodlandbalaklava.com.au//lines/melosi-ham-leg-b-less-rw
Foodland Balaklava,2025-05-04 23:54:20,Purina Friskies Adult Surfin' Turfin' Dry Cat Food,2.5kg,N/A,$15.50,$0.62 per 100g,https://foodlandbalaklava.com.au//lines/friskies-adult-srfn-trfn-2-5kg
Foodland Balaklava,2025-05-04 23:54:20,Roast Beef Slices,N/A,N/A,$28.99,N/A,https://foodlandbalaklava.com.au//lines/roast-beef-slices-1
Foodland Balaklava,2025-05-04 23:54:20,Up&​Go Liquid Breakfast Choc Ice,12 x 250mL,N/A,$17.50,$5.83 per L,https://foodlandbalaklava.com.au//lines/sanit-up-go-choc-ice-12x250ml
Foodland Balaklava,2025-05-04 23:54:20,Zooper Dooper Cosmic,24 x 70mL,N/A,$7.55,$0.45 per 100mL,https://foodlandbalaklava.com.au//lines/zooper-dooper-wtr-ice-24x70ml
Foodland Balaklava,2025-05-04 23:54:20,Cauliflower Half,N/A,was $2.65,$1.90,N/A,https://foodlandbalaklava.com.au//lines/cauliflower-half
Foodland Balaklava,2025-05-04 23:54:20,Cauliflower Per Each,N/A,was $5.25,$3.75,N/A,https://foodlandbalaklava.com.au//lines/cauliflower-per-each
Foodland Balaklava,2025-05-04 23:54:20,Don® Short Cut Rindless Bacon,220g,was $8.80,$6.00,$27.27 per kg,https://foodlandbalaklava.com.au//lines/don-bacon-sh-cut-r-less-220gm
Foodland Balaklava,2025-05-04 23:54:20,Fantastic Fresh Noodles Hokkien,450g,was $3.60,$3.10,$0.69 per 100g,https://foodlandbalaklava.com.au//lines/fantas-frs-ndl-hokien-450gm
Foodland Balaklava,2025-05-04 23:54:20,Foodand Bun Apple 4pk,N/A,was $6.79,$6.50,$1.81 per 100g,https://foodlandbalaklava.com.au//lines/f-land-bun-apple-cinn-4pk
Foodland Balaklava,2025-05-04 23:54:20,Primo Cocktail Franks,500g,was $6.30,$3.90,$7.80 per kg,https://foodlandbalaklava.com.au//lines/primo-franks-cocktail-500gm
Foodland Balaklava,2025-05-04 23:54:20,Apples Granny Smith Per Kg,N/A,N/A,$0.94,$5.25 per kg,https://foodlandbalaklava.com.au//lines/apples-granny-smith-per-kg
Foodland Balaklava,2025-05-04 23:54:20,Black & Gold White Sugar,1kg,N/A,$1.80,$0.18 per 100g,https://foodlandbalaklava.com.au//lines/b-gold-white-sugar-1kg
Foodland Balaklava,2025-05-04 23:54:20,Black And Gold Cheese Cheddar Mild,1kg,N/A,$10.50,$10.50 per kg,https://foodlandbalaklava.com.au//lines/b-gold-chse-mild-1kg
Foodland Balaklava,2025-05-04 23:54:20,Community Co Baby Spinach,100g,N/A,$2.70,$27.00 per kg,https://foodlandbalaklava.com.au//lines/comm-co-baby-spinach-100g
Foodland Balaklava,2025-05-04 23:54:20,Don Skinless Hot Dogs 6pk,N/A,was $6.50,$4.85,$12.93 per kg,https://foodlandbalaklava.com.au//lines/don-franks-footy-s-less-375gm
Foodland Balaklava,2025-05-04 23:54:20,KR Castlemaine Rindless Style Bacon Pieces,250g,was $6.45,$5.65,$22.60 per kg,https://foodlandbalaklava.com.au//lines/krc-bacon-pcs-r-less-styl250gm
Foodland Balaklava,2025-05-04 23:54:20,Mccain Cheese & Bacon Pizza Slices 2 Pack,600g,was $9.45,$7.00,$1.17 per 100g,https://foodlandbalaklava.com.au//lines/mcc-pizza-slces-che-bac-600gm
Foodland Balaklava,2025-05-04 23:54:20,Nanna's Apple Pie,450g,was $6.85,$4.00,$0.89 per 100g,https://foodlandbalaklava.com.au//lines/nanna-snk-pie-apple-4s-450gm
Foodland Balaklava,2025-05-04 23:54:20,Nescafe Blend 43 Original,500g,N/A,$30.00,$6.00 per 100g,https://foodlandbalaklava.com.au//lines/nescafe-blend-43-500gm
Foodland Balaklava,2025-05-04 23:54:20,Oranges Per Kg,N/A,N/A,$1.96,$8.50 per kg,https://foodlandbalaklava.com.au//lines/oranges-medium-per-kg
Foodland Balaklava,2025-05-04 23:54:20,Peculiar Pick Avocados,750g,was $10.00,$7.90,$10.53 per kg,https://foodlandbalaklava.com.au//lines/peculiar-pick-avocados-750g
Foodland Balaklava,2025-05-04 23:54:20,Primo Twiggy Sticks,200g,N/A,$8.20,$41.00 per kg,https://foodlandbalaklava.com.au//lines/primo-twiggy-sticks-orig-200gm
Foodland Balaklava,2025-05-04 23:54:20,Pumpkin Kent Per Kg,N/A,N/A,$3.90,N/A,https://foodlandbalaklava.com.au//lines/pumpkin-jap-per-kg
Foodland Balaklava,2025-05-04 23:54:20,Tomatoes Cherry Punnet,250g,N/A,$4.80,$19.20 per kg,https://foodlandbalaklava.com.au//lines/tomatoes-cherry-punnet-250g-15
Foodland Balaklava,2025-05-04 23:54:20,Black & Gold Thickened Cream,300mL,N/A,$2.80,$0.93 per 100mL,https://foodlandbalaklava.com.au//lines/b-gold-cream-thickened-300ml
Foodland Balaklava,2025-05-04 23:54:21,Chicken Thighs,N/A,N/A,$15.50,N/A,https://foodlandbalaklava.com.au//lines/chicken-thighs
Foodland Balaklava,2025-05-04 23:54:21,Comm Co Kids Strawberry Yoghurt,70g,N/A,$0.80,$1.14 per 100g,https://foodlandbalaklava.com.au//lines/comm-co-ygt-kids-sbry-pouc70gm
Foodland Balaklava,2025-05-04 23:54:21,Community Co Pane Di Cana Loaf,500g,was $5.00,$4.50,$0.90 per 100g,https://foodlandbalaklava.com.au//lines/plain-pane-di-casa-loaf-500gm
Foodland Balaklava,2025-05-04 23:54:21,Community Co Shaved Parmesan Cheese,125g,N/A,$3.70,$29.60 per kg,https://foodlandbalaklava.com.au//lines/comm-co-chse-parm-shvd-125gm
Foodland Balaklava,2025-05-04 23:54:21,Frantelle Spring Water,24 x 600mL,was $19.85,$11.30,$0.78 per L,https://foodlandbalaklava.com.au//lines/frantelle-spr-wtr-24x600ml
Foodland Balaklava,2025-05-04 23:54:21,Helgas Bread Light Rye,680g,was $6.55,$5.00,$0.74 per 100g,https://foodlandbalaklava.com.au//lines/helga-brd-light-rye-680gm
Foodland Balaklava,2025-05-04 23:54:21,Ice Bag,5kg,N/A,$5.00,$1.00 per kg,https://foodlandbalaklava.com.au//lines/foodland-ice-4kg
Foodland Balaklava,2025-05-04 23:54:21,Ingham's Table Pleasers Chicken Breast Tenders Sweet Chilli,400g,was $5.50,$5.15,$12.88 per kg,https://foodlandbalaklava.com.au//lines/ingham-chic-tend-swt-chil400gm
Foodland Balaklava,2025-05-04 23:54:21,Maggi Chicken Flavour Noodle Cup,60g,was $2.65,$2.45,$4.08 per 100g,https://foodlandbalaklava.com.au//lines/maggi-cup-ndl-chicken-60gm
Foodland Balaklava,2025-05-04 23:54:21,Nescafe Caramel Latte Coffee Sachets,10 x 17g,N/A,$8.00,$4.71 per 100g,https://foodlandbalaklava.com.au//lines/nescafe-sach-caramel-10pk
Foodland Balaklava,2025-05-04 23:54:21,Philadelphia Original Twin Cream Cheese Block,250g,was $10.50,$9.60,$19.20 per kg,https://foodlandbalaklava.com.au//lines/philly-block-2x250gm
Foodland Balaklava,2025-05-04 23:54:21,Slape And Sons Aussie Beef Burgers,800g,N/A,$11.50,N/A,https://foodlandbalaklava.com.au//lines/slape-burger-aus-beef-800gm
Foodland Balaklava,2025-05-04 23:54:21,Tena Pants Plus Night Large (​L) 12 Pack,N/A,was $26.25,$24.50,$2.04 Each,https://foodlandbalaklava.com.au//lines/tena-pant-night-lge-12s
Foodland Balaklava,2025-05-04 23:54:21,Vaalia Kids Probiotic Yoghurt Vanilla Pouch,140g,was $2.50,$2.00,$1.43 per 100g,https://foodlandbalaklava.com.au//lines/vaalia-ygt-kids-vanilla-140gm
Foodland Balaklava,2025-05-04 23:54:21,Bok Choy,N/A,N/A,$2.70,N/A,https://foodlandbalaklava.com.au//lines/bok-choy
Foodland Balaklava,2025-05-04 23:54:21,Bulla Low Fat Cottage Cheese Original,500g,N/A,$6.30,$12.60 per kg,https://foodlandbalaklava.com.au//lines/bulla-cott-chse-500gm
Foodland Balaklava,2025-05-04 23:54:21,Campbell's Condensed Soup Tomato,420g,N/A,$1.95,$0.46 per 100g,https://foodlandbalaklava.com.au//lines/camp-soup-tomato-420gm
Foodland Balaklava,2025-05-04 23:54:21,Coca-Cola Zero Sugar Soft Drink Bottle,2L,was $5.45,$4.20,$2.10 per L,https://foodlandbalaklava.com.au//lines/coca-cola-n-sug-2l
Foodland Balaklava,2025-05-04 23:54:21,F/​Choice Pp Herb Coriander,30g,N/A,$3.29,$10.97 per 100g,https://foodlandbalaklava.com.au//lines/f-choice-pp-herb-coriander-30g-1
Foodland Balaklava,2025-05-04 23:54:21,Golden Circle® Australian Pineapple Pieces In Juice,440g,was $4.60,$3.70,$8.41 per kg,https://foodlandbalaklava.com.au//lines/g-circ-pine-pieces-n-jce-440gm
Foodland Balaklava,2025-05-04 23:54:21,Golden Circle® Fruit Cup Cordial,2L,was $5.80,$4.50,$2.25 per L,https://foodlandbalaklava.com.au//lines/g-circ-cord-fruit-cup-crsh-2l
Foodland Balaklava,2025-05-04 23:54:21,Inghams Chicken Thigh Fillet,N/A,N/A,$9.60,$16.00 per kg,https://foodlandbalaklava.com.au//lines/ingham-chicken-thigh-fillets
Foodland Balaklava,2025-05-04 23:54:21,"Leggo's Pizza Sauce With Garlic, Onion & Herbs",400g,was $4.75,$4.00,$1.00 per 100g,https://foodlandbalaklava.com.au//lines/leggos-sqz-sce-pizza-400gm
Foodland Balaklava,2025-05-04 23:54:21,Maggi 2 Minute Noodles Chicken Flavour,12 x 72g,N/A,$10.00,$1.16 per 100g,https://foodlandbalaklava.com.au//lines/maggi-2-min-ndl-chicken-12pk
Foodland Balaklava,2025-05-04 23:54:21,Nanna's Snack Apricot Pies 4 Pack,4 x 450g,was $6.85,$4.00,$0.89 per 100g,https://foodlandbalaklava.com.au//lines/nanna-snk-pie-apricot-4s-450gm
Foodland Balaklava,2025-05-04 23:54:21,Nuttelex Margarine Buttery,500g,was $5.45,$4.70,$0.94 per 100g,https://foodlandbalaklava.com.au//lines/nuttelex-buttery-500gm
Foodland Balaklava,2025-05-04 23:54:21,Pepsi Max No Sugar Cola Soft Drink Cans Multipack,30 x 375mL,was $32.55,$28.85,$2.56 per L,https://foodlandbalaklava.com.au//lines/pepsi-max-cube-30x375ml
Foodland Balaklava,2025-05-04 23:54:21,Sanitarium Weet-Bix Breakfast Cereal Original,1.12kg,was $6.85,$6.00,$0.54 per 100g,https://foodlandbalaklava.com.au//lines/sanit-weet-bix-cater-pk-1-12kg
Foodland Balaklava,2025-05-04 23:54:21,Yoplait Fruche Strawberry Fields,2 x 150g,N/A,$2.75,$0.92 per 100g,https://foodlandbalaklava.com.au//lines/fruche-s-berry-fields-2x150gm
Foodland Balaklava,2025-05-04 23:54:21,Bacon Middle Aussie,N/A,N/A,$23.00,N/A,https://foodlandbalaklava.com.au//lines/aussie-middle-bacon
Foodland Balaklava,2025-05-04 23:54:21,Bacon Short Cut,N/A,N/A,$21.00,N/A,https://foodlandbalaklava.com.au//lines/bacon-short-cut-1
Foodland Balaklava,2025-05-04 23:54:21,Birds Eye Fish Fingers,1kg,was $13.65,$11.45,$11.45 per kg,https://foodlandbalaklava.com.au//lines/b-eye-fish-fingers-1kg
Foodland Balaklava,2025-05-04 23:54:21,Birds Eye Stir Fry Oriental,850g,was $5.80,$5.50,$6.47 per kg,https://foodlandbalaklava.com.au//lines/b-eye-s-fry-oriental-850gm
Foodland Balaklava,2025-05-04 23:54:21,Black & Gold Self Raising Flour,2kg,N/A,$2.70,$1.35 per kg,https://foodlandbalaklava.com.au//lines/b-gold-flour-sr-2kg
Foodland Balaklava,2025-05-04 23:54:21,Black & Gold Shredded Mozzarella Cheese,500g,N/A,$8.30,$16.60 per kg,https://foodlandbalaklava.com.au//lines/b-gold-chse-mozzarel-shrd500gm
Foodland Balaklava,2025-05-04 23:54:21,Black & Gold White Vinegar,2L,N/A,$1.85,$0.09 per 100mL,https://foodlandbalaklava.com.au//lines/b-gold-vinegar-white-2l
Foodland Balaklava,2025-05-04 23:54:21,Chicken Loaf Inghams,N/A,N/A,$15.99,N/A,https://foodlandbalaklava.com.au//lines/chicken-loaf
Foodland Balaklava,2025-05-04 23:54:21,Coca Cola No Sugar,24 x 375mL,N/A,$41.25,$4.58 per L,https://foodlandbalaklava.com.au//lines/coca-cola-n-sug-24x375ml
Foodland Balaklava,2025-05-04 23:54:21,Comm Co Kids Vanilla Yoghurt,70g,N/A,$0.80,$1.14 per 100g,https://foodlandbalaklava.com.au//lines/comm-co-ygt-kids-van-pouch70gm
Foodland Balaklava,2025-05-04 23:54:21,Community Co Tomato Sauce,500mL,N/A,$2.10,$0.42 per 100mL,https://foodlandbalaklava.com.au//lines/comm-co-sce-sqz-tomato-500ml
Foodland Balaklava,2025-05-04 23:54:21,Continental Classics French Onion Simmer Soup,40g,N/A,$1.25,$3.12 per 100g,https://foodlandbalaklava.com.au//lines/cont-soup-french-onion-40gm
Foodland Balaklava,2025-05-04 23:54:21,Daily Juice Co Breakfast Juice,500mL,N/A,$3.50,$7.00 per L,https://foodlandbalaklava.com.au//lines/daily-jce-brkfst-juice-500m
Foodland Balaklava,2025-05-04 23:54:21,Devondale 3 Cheese Shredded Blend,600g,was $12.60,$10.80,$18.00 per kg,https://foodlandbalaklava.com.au//lines/d-dale-chse-3-chse-shrd-600gm
Foodland Balaklava,2025-05-04 23:54:21,Earth Choice Dishwash Liquid Aloe Fresh,1L,N/A,$2.35,$0.24 per 100mL,https://foodlandbalaklava.com.au//lines/earths-chce-d-wsh-aloe-liq-1l
Foodland Balaklava,2025-05-04 23:54:21,Fresh Pizza Large Meatlovers,N/A,N/A,$12.99,N/A,https://foodlandbalaklava.com.au//lines/fresh-pizza-large-meatlovers
Foodland Balaklava,2025-05-04 23:54:21,Gfresh Pineapple Pieces In Natural Juice,440g,N/A,$3.19,$7.25 per kg,https://foodlandbalaklava.com.au//lines/gfresh-pineapple-pieces-440g
Foodland Balaklava,2025-05-04 23:54:21,Golden Circle® Breakfast Juice,2L,was $5.05,$3.90,$1.95 per L,https://foodlandbalaklava.com.au//lines/g-circ-jce-l-l-breakfast-2l
Foodland Balaklava,2025-05-04 23:54:21,Kc Beef Mince 5 Star,500g,N/A,$11.00,$22.00 per kg,https://foodlandbalaklava.com.au//lines/beef-mince-5-star-500gm
Foodland Balaklava,2025-05-04 23:54:22,Kirks-Ko Kirks Lemonade Bottle Soft Drink,1.25L,was $3.00,$2.55,$2.04 per L,https://foodlandbalaklava.com.au//lines/kirks-lemonade-1-25l
Foodland Balaklava,2025-05-04 23:54:22,Quilton Classic White Toilet Tissue 9pk,N/A,was $7.65,$6.50,$0.40 per 100 Sheets,https://foodlandbalaklava.com.au//lines/quilton-t-roll-whte-3ply-9pk
Foodland Balaklava,2025-05-04 23:54:22,Spring Gully Gherkin Rounds,550g,N/A,$5.25,$9.55 per kg,https://foodlandbalaklava.com.au//lines/s-gully-gherkin-s-sp-rnd-550gm
Foodland Balaklava,2025-05-04 23:54:22,Tomatoes Truss Per Kg,N/A,was $11.70,$9.00,N/A,https://foodlandbalaklava.com.au//lines/tomatoes-truss-per-kg-1
Foodland Balaklava,2025-05-04 23:54:22,Arnott's Clix Crackers,250g,was $4.20,$3.80,$1.52 per 100g,https://foodlandbalaklava.com.au//lines/arn-jatz-clix-250g
Foodland Balaklava,2025-05-04 23:54:22,Balfours Party Pasties,500g,N/A,$10.50,$2.10 per 100g,https://foodlandbalaklava.com.au//lines/balf-pasties-party-12s-500gm
Foodland Balaklava,2025-05-04 23:54:22,Black & Gold Mixed Vegetables,1kg,N/A,$2.80,$2.80 per kg,https://foodlandbalaklava.com.au//lines/b-gold-mixed-vegies-1kg
Foodland Balaklava,2025-05-04 23:54:22,Black & Gold Tasty Shredded Cheese,500g,N/A,$8.30,$16.60 per kg,https://foodlandbalaklava.com.au//lines/b-gold-chse-tasty-shred-500gm
Foodland Balaklava,2025-05-04 23:54:22,Chum Adult Dog Food With Chicken Can,1.2kg,N/A,$3.60,$0.30 per 100g,https://foodlandbalaklava.com.au//lines/chum-chicken-1-2kg
Foodland Balaklava,2025-05-04 23:54:22,Coca-Cola Classic Soft Drink Bottle,1.25L,was $4.00,$2.40,$1.92 per L,https://foodlandbalaklava.com.au//lines/coca-cola-1-25l
Foodland Balaklava,2025-05-04 23:54:22,Community Co Caesar Salad Bowl,200g,N/A,$5.90,$29.50 per kg,https://foodlandbalaklava.com.au//lines/comm-co-caesar-salad-bowl-200gm
Foodland Balaklava,2025-05-04 23:54:22,Daily Juice Co Orange Pulp-Free,2L,was $7.50,$7.30,$3.65 per L,https://foodlandbalaklava.com.au//lines/daily-jce-co-org-pulpfree-2l
Foodland Balaklava,2025-05-04 23:54:22,Devondale Full Cream Milk 1,N/A,N/A,$2.20,$2.20 per L,https://foodlandbalaklava.com.au//lines/d-dale-milk-f-crm-uht-1l
Foodland Balaklava,2025-05-04 23:54:22,Devondale Tasty Cheese Block,500g,was $12.10,$9.50,$19.00 per kg,https://foodlandbalaklava.com.au//lines/d-dale-chse-tasty-500gm
Foodland Balaklava,2025-05-04 23:54:22,Don Franks Skinless,600g,was $8.30,$7.00,$11.67 per kg,https://foodlandbalaklava.com.au//lines/don-franks-footy-sknlss-600gm
Foodland Balaklava,2025-05-04 23:54:22,Doritos Mild Salsa Dip,300g,N/A,$2.75,$0.92 per 100g,https://foodlandbalaklava.com.au//lines/doritos-salsa-mild-300gm-1
Foodland Balaklava,2025-05-04 23:54:22,Farmers Union Greek Style Yogurt Vanilla,950g,N/A,$6.50,$0.68 per 100g,https://foodlandbalaklava.com.au//lines/farm-union-ygt-grk-van-950gm
Foodland Balaklava,2025-05-04 23:54:22,Funtime Kids Bubble Bath Aqua Splash,1L,N/A,$3.45,$0.34 per 100mL,https://foodlandbalaklava.com.au//lines/nat-org-funtime-b-bath-1l
Foodland Balaklava,2025-05-04 23:54:22,Handee Ultra Paper Towel - 2 Pack,N/A,was $4.05,$3.00,$2.50 per 100 Sheets,https://foodlandbalaklava.com.au//lines/handee-towel-ult-white-2s
Foodland Balaklava,2025-05-04 23:54:22,Happy Muffin Co Banana 8pk,N/A,N/A,$5.45,$1.70 per 100g,https://foodlandbalaklava.com.au//lines/happy-muffin-co-mini-banana-8pk
Foodland Balaklava,2025-05-04 23:54:22,Ingham's Chicken Breast Nuggets Original,400g,was $5.50,$5.15,$12.88 per kg,https://foodlandbalaklava.com.au//lines/ingham-chic-nugget-400gm
Foodland Balaklava,2025-05-04 23:54:22,Kleenex Aloe Vera & Vitamin E 3 Ply Facial Tissues 140 Pack,N/A,was $4.75,$4.40,$3.14 Units100,https://foodlandbalaklava.com.au//lines/klnx-tissue-xcare-aloe-140s
Foodland Balaklava,2025-05-04 23:54:22,Masterfoods Tomato Sauce Bottle,500mL,N/A,$4.20,$0.84 per 100mL,https://foodlandbalaklava.com.au//lines/mf-sce-tomato-sqzy-500ml
Foodland Balaklava,2025-05-04 23:54:22,Mccain Vegetables Broccoli 500,500g,N/A,$4.50,$9.00 per kg,https://foodlandbalaklava.com.au//lines/mcc-broccoli-500gm
Foodland Balaklava,2025-05-04 23:54:22,Mushroom Sliced Punnet,200g,N/A,$5.99,$29.95 per kg,https://foodlandbalaklava.com.au//lines/mushrooms-cups-sliced-200g
Foodland Balaklava,2025-05-04 23:54:22,Nutella Hazelnut Chocolate Spread | Jar,1kg,N/A,$13.00,$1.30 per 100g,https://foodlandbalaklava.com.au//lines/nutella-h-nut-choc-sprd-1kg
Foodland Balaklava,2025-05-04 23:54:22,Potatoes Kestral,2kg,N/A,$7.45,$3.72 per kg,https://foodlandbalaklava.com.au//lines/potatoes-kestral-2kg
Foodland Balaklava,2025-05-04 23:54:22,Primo Silverside Beef,80g,was $4.15,$3.95,$49.38 per kg,https://foodlandbalaklava.com.au//lines/primo-silverside-sliced-80gm
Foodland Balaklava,2025-05-04 23:54:22,San Remo La Pasta Pasta And Sauce Alfredo,160g,N/A,$2.50,$1.56 per 100g,https://foodlandbalaklava.com.au//lines/la-past-alfredo-fam-6srv-160gm
Foodland Balaklava,2025-05-04 23:54:22,Yopro High Protein Vanilla Greek Yoghurt,160g,N/A,$3.15,$1.97 per 100g,https://foodlandbalaklava.com.au//lines/danone-ygt-pro-vanilla-160gm
Foodland Balaklava,2025-05-04 23:54:22,Yp Lamb 4 1/​4 Chops Rw,N/A,N/A,$12.00,$23.99 per kg,https://foodlandbalaklava.com.au//lines/yp-lamb-4-1-4-chops-rw-2
Foodland Balaklava,2025-05-04 23:54:22,Yp Premium Beef Mince Bulk Rw,N/A,N/A,$21.99,$21.99 per kg,https://foodlandbalaklava.com.au//lines/yp-premium-beef-mince-bulk-rw-4
Foodland Balaklava,2025-05-04 23:54:22,Allen's Cheekies Lollies Bag,190g,was $5.25,$3.50,$1.84 per 100g,https://foodlandbalaklava.com.au//lines/allens-cheekies-190gm
Foodland Balaklava,2025-05-04 23:54:22,Allen's Snakes Alive Lollies Bag,405g,was $6.85,$5.80,$1.43 per 100g,https://foodlandbalaklava.com.au//lines/allens-snakes-alive-405gm
Foodland Balaklava,2025-05-04 23:54:22,Anzac Biscuits 15pk,N/A,N/A,$4.99,N/A,https://foodlandbalaklava.com.au//lines/anzac-biscuits-17pk
Foodland Balaklava,2025-05-04 23:54:22,Arnott's Shapes Originals Biscuits Xbox 25 Cheese & Bacon,180g,was $4.00,$3.50,$1.94 per 100g,https://foodlandbalaklava.com.au//lines/arn-shapes-cheese-bacon-180gm
Foodland Balaklava,2025-05-04 23:54:22,Bacon Streaky,N/A,was $24.00,$17.90,N/A,https://foodlandbalaklava.com.au//lines/bacon-streaky
Foodland Balaklava,2025-05-04 23:54:22,Birds Eye Golden Crunch Chips In Beer Batter,750g,was $5.90,$5.00,$6.67 per kg,https://foodlandbalaklava.com.au//lines/b-eye-chips-beer-battr-750gm
Foodland Balaklava,2025-05-04 23:54:22,Black & Gold Caster Sugar,1kg,N/A,$2.20,$0.22 per 100g,https://foodlandbalaklava.com.au//lines/b-gold-caster-sugar-1kg
Foodland Balaklava,2025-05-04 23:54:22,Black & Gold Freezer Bags Large 40's,N/A,N/A,$0.80,$0.02 Each,https://foodlandbalaklava.com.au//lines/b-gold-freezer-bags-lge-40s
Foodland Balaklava,2025-05-04 23:54:22,Black & Gold Salted Butter,250g,N/A,$4.00,$1.60 per 100g,https://foodlandbalaklava.com.au//lines/b-gold-butter-salted-250gm
Foodland Balaklava,2025-05-04 23:54:22,Buttercup Country Split Wholemeal Sliced Bread,450g,was $4.25,$4.20,$0.93 per 100g,https://foodlandbalaklava.com.au//lines/b-cup-brd-c-split-w-meal-450gm
Foodland Balaklava,2025-05-04 23:54:22,Cadbury Baking Chips Milk Chocolate,200g,was $6.30,$5.85,$2.92 per 100g,https://foodlandbalaklava.com.au//lines/cad-cook-choc-milk-chip-200gm
Foodland Balaklava,2025-05-04 23:54:22,Cadbury Old Gold Dark Chocolate 70% Cocoa Block,180g,was $8.00,$5.50,$3.06 per 100g,https://foodlandbalaklava.com.au//lines/cad-choc-o-gld-70-cocoa-180gm
Foodland Balaklava,2025-05-04 23:54:22,CHEER CHEESE LIGHT&​TASTY SLICED,750g,was $17.65,$14.00,$18.67 per kg,https://foodlandbalaklava.com.au//lines/cheer-chse-lte-tsty-slce-750gm
Foodland Balaklava,2025-05-04 23:54:22,Chicken Tenderloins,N/A,N/A,$9.50,$19.00 per kg,https://foodlandbalaklava.com.au//lines/ingh-chk-tenderloins-rw
Foodland Balaklava,2025-05-04 23:54:22,Devondale Tasty Shredded Cheese,600g,was $12.60,$10.80,$18.00 per kg,https://foodlandbalaklava.com.au//lines/d-dale-chse-tasty-shrd-600gm
Foodland Balaklava,2025-05-04 23:54:22,Edgell Beetroot Sliced,825g,N/A,$3.80,$4.61 per kg,https://foodlandbalaklava.com.au//lines/edg-beetroot-sliced-825gm
Foodland Balaklava,2025-05-04 23:54:23,Feel Good Iced Coffee,300mL,was $2.65,$2.20,$0.73 per 100mL,https://foodlandbalaklava.com.au//lines/feel-good-milk-coffee-300ml
Foodland Balaklava,2025-05-04 23:54:23,Gsb Knot Rolls 6pk,N/A,N/A,$7.99,$1.33 each,https://foodlandbalaklava.com.au//lines/gsb-knot-rolls-6pk-1
Foodland Balaklava,2025-05-04 23:54:23,Ingham’​S BBQ Chicken Kebab,450g,N/A,$9.00,$20.00 per kg,https://foodlandbalaklava.com.au//lines/inghams-kebab-bbq-tray-450gm-1
Foodland Balaklava,2025-05-04 23:54:23,Kellogg's Nutri-Grain Large Pack,765g,was $10.80,$8.00,$1.05 per 100g,https://foodlandbalaklava.com.au//lines/kell-nutri-grain-765gm
Foodland Balaklava,2025-05-04 23:54:23,Kleenex Complete Clean Double Length Toilet Paper 12 Pack,N/A,was $15.75,$12.40,$0.29 per 100 Sheets,https://foodlandbalaklava.com.au//lines/klnx-t-roll-wht-d-lngth-12pk
Foodland Balaklava,2025-05-04 23:54:23,Mccain Cheese & Bacon Family Pizza,500g,N/A,$8.50,$1.70 per 100g,https://foodlandbalaklava.com.au//lines/mcc-pizza-cheese-bacon-500gm
Foodland Balaklava,2025-05-04 23:54:23,Mission Wraps Lite 8pk,N/A,was $5.80,$4.50,$0.79 per 100g,https://foodlandbalaklava.com.au//lines/mission-wraps-lite-8pk
Foodland Balaklava,2025-05-04 23:54:23,Pauls Zymil Low Fat Milk,2L,N/A,$6.80,$3.40 per L,https://foodlandbalaklava.com.au//lines/pauls-milk-zymil-l-fat-milk-2l
Foodland Balaklava,2025-05-04 23:54:23,San Remo La Pasta Macaroni Cheese,160g,N/A,$2.50,$1.56 per 100g,https://foodlandbalaklava.com.au//lines/la-past-mac-chse-fam-6srv160gm
Foodland Balaklava,2025-05-04 23:54:23,Silverside Corned,N/A,N/A,$12.50,N/A,https://foodlandbalaklava.com.au//lines/silverside-corned-2
Foodland Balaklava,2025-05-04 23:54:23,Sprite Zero/​Diet/​Light Sprite Zero Sugar Lemonade Soft Drink,2L,was $5.45,$3.60,$1.80 per L,https://foodlandbalaklava.com.au//lines/sprite-n-sug-2l
Foodland Balaklava,2025-05-04 23:54:23,Top 20 Variety Multipack,375g,N/A,$9.70,$2.59 per 100g,https://foodlandbalaklava.com.au//lines/top-20-variety-mp-375gm
Foodland Balaklava,2025-05-04 23:54:23,Vilis Donut Chocolate,100g,N/A,$3.30,$3.30 per 100g,https://foodlandbalaklava.com.au//lines/vilis-donut-chocolate-100gm
Foodland Balaklava,2025-05-04 23:54:23,Yoplait Vanilla Yoghurt,1kg,N/A,$4.75,$0.48 per 100g,https://foodlandbalaklava.com.au//lines/yop-ygt-vanilla-1kg
Foodland Balaklava,2025-05-04 23:54:23,Yopro High Protein Strawberry Greek Yoghurt,160g,N/A,$3.15,$1.97 per 100g,https://foodlandbalaklava.com.au//lines/danone-ygt-pro-strwbry-160gm
Foodland Balaklava,2025-05-04 23:54:23,Arnott's Salada Original,250g,N/A,$4.20,$1.68 per 100g,https://foodlandbalaklava.com.au//lines/arn-salada-250gm
Foodland Balaklava,2025-05-04 23:54:23,Arnott's Tim Tam Deluxe Dark Chocolate Biscuits With Mint Chocolate,175g,N/A,$6.85,$3.91 per 100g,https://foodlandbalaklava.com.au//lines/arn-choc-tim-tam-chc-mint175gm
Foodland Balaklava,2025-05-04 23:54:23,Asparagus Per Bunch,N/A,N/A,$5.35,N/A,https://foodlandbalaklava.com.au//lines/asparagus-per-bunch
Foodland Balaklava,2025-05-04 23:54:23,Bacon Budget,1kg,was $11.50,$11.25,$11.25 per kg,https://foodlandbalaklava.com.au//lines/r-harv-bacon-budget-1kg
Foodland Balaklava,2025-05-04 23:54:23,Birds Eye Birdseye Ob Fish Lemon Crumb,425g,N/A,$12.00,$28.24 per kg,https://foodlandbalaklava.com.au//lines/b-eye-fish-o-bke-lmn-crmb425gm
Foodland Balaklava,2025-05-04 23:54:23,Birds Eye Potato Gems,900g,N/A,$6.85,$7.61 per kg,https://foodlandbalaklava.com.au//lines/b-eye-pot-gem-gldn-crnch-900gm
Foodland Balaklava,2025-05-04 23:54:23,Black & Gold Cream Cheese,250g,N/A,$2.90,$11.60 per kg,https://foodlandbalaklava.com.au//lines/b-gold-cream-chse-tub-250gm
Foodland Balaklava,2025-05-04 23:54:23,Black & Gold Crinkle Cut Chips,2kg,N/A,$7.80,$3.90 per kg,https://foodlandbalaklava.com.au//lines/b-gold-chips-crkl-cut-2kg
Foodland Balaklava,2025-05-04 23:54:23,Black & Gold Garlic Bread Twin Pack,2 x 225g,N/A,$2.40,$0.53 per 100g,https://foodlandbalaklava.com.au//lines/b-gold-garlic-brd-2x225gm-3
Foodland Balaklava,2025-05-04 23:54:23,Black & Gold Unsalted Butter,500g,N/A,$7.00,$1.40 per 100g,https://foodlandbalaklava.com.au//lines/b-gold-butter-unsaltd-500gm
Foodland Balaklava,2025-05-04 23:54:23,Brownes Natural Yoghurt With Vanilla Bean,1kg,was $8.65,$5.95,$0.60 per 100g,https://foodlandbalaklava.com.au//lines/brownes-ygt-nat-van-bean-1kg
Foodland Balaklava,2025-05-04 23:54:23,Carman's 100% Natural Fruit Straps Apple & Strawberry 5 Twin Packs,70g,was $6.30,$5.35,$7.64 per 100g,https://foodlandbalaklava.com.au//lines/carmans-apple-straw-fr-straps-70g
Foodland Balaklava,2025-05-04 23:54:23,Community Co Crunchy Noodle Kit,450g,was $5.30,$2.50,$0.56 per 100g,https://foodlandbalaklava.com.au//lines/comm-co-crnchy-ndle-kit-450g
Foodland Balaklava,2025-05-04 23:54:23,Community Co Crystal Peak,24 x 600mL,N/A,$10.00,$0.69 per L,https://foodlandbalaklava.com.au//lines/comm-co-c-pk-sp-wtr-24x600ml
Foodland Balaklava,2025-05-04 23:54:23,Darrell Lea Liquorice Allsorts,270g,was $5.80,$5.00,$1.85 per 100g,https://foodlandbalaklava.com.au//lines/darrell-lea-lic-allsorts-270gm
Foodland Balaklava,2025-05-04 23:54:23,Fantastic Delites Sour Cream & Chives,100g,was $2.95,$1.40,$1.40 per 100g,https://foodlandbalaklava.com.au//lines/fantastic-dlte-s-crm-chvs100gm
Foodland Balaklava,2025-05-04 23:54:23,Farmers Union Iced Coffee Btl,2L,was $8.65,$6.50,$3.25 per L,https://foodlandbalaklava.com.au//lines/farm-union-milk-iced-coffee-2l
Foodland Balaklava,2025-05-04 23:54:23,Fresh Pizza Large Pepperoni,N/A,N/A,$12.99,N/A,https://foodlandbalaklava.com.au//lines/fresh-pizza-large-pepperoni
Foodland Balaklava,2025-05-04 23:54:23,Golden Circle® Raspberry Cordial,2L,was $5.80,$4.50,$2.25 per L,https://foodlandbalaklava.com.au//lines/g-circ-cord-raspberry-crsh-2l
Foodland Balaklava,2025-05-04 23:54:23,Gravox® Traditional Gravy Mix,120g,was $5.25,$4.00,$0.33 per 10g,https://foodlandbalaklava.com.au//lines/gravox-grvy-can-trad-120gm
Foodland Balaklava,2025-05-04 23:54:23,Green's Maple Syrup,375g,N/A,$4.20,$1.12 per 100g,https://foodlandbalaklava.com.au//lines/greens-syrup-maple-sqz-375gm
Foodland Balaklava,2025-05-04 23:54:23,"Heinz® Mixed Veg With Carrots, Peas, Green Beans & Corn Kernels",1kg,N/A,$6.20,$6.20 per kg,https://foodlandbalaklava.com.au//lines/hnz-mixed-vegetables-1kg
Foodland Balaklava,2025-05-04 23:54:23,Kirks-Ko Kirks Pasito Multipack Cans Soft Drink,10 x 375mL,was $15.75,$13.75,$3.67 per L,https://foodlandbalaklava.com.au//lines/kirks-pasito-10x375ml
Foodland Balaklava,2025-05-04 23:54:23,Mccain Vegetables Cauliflower 500,500g,was $6.30,$3.75,$7.50 per kg,https://foodlandbalaklava.com.au//lines/mcc-cauliflower-500gm
Foodland Balaklava,2025-05-04 23:54:23,Mother Earth Baked Oaty Slices Chocolate Chip,240g,N/A,$3.30,$1.38 per 100g,https://foodlandbalaklava.com.au//lines/m-earth-b-oat-bar-c-chip-240gm
Foodland Balaklava,2025-05-04 23:54:23,Nescafe Hazelnut Latte Coffee Sachets 26 Pack 26pk,N/A,N/A,$11.00,$2.35 per 100g,https://foodlandbalaklava.com.au//lines/nescafe-menu-coff-hazelnut26pk
Foodland Balaklava,2025-05-04 23:54:23,Nescafe Strong Cappuccino Coffee Sachets 26 Pack,332g,N/A,$11.00,$3.31 per 100g,https://foodlandbalaklava.com.au//lines/nescafe-menu-capp-strong-26pk
Foodland Balaklava,2025-05-04 23:54:23,Oak Chocolate Flavoured Milk,2L,was $7.10,$6.50,$3.25 per L,https://foodlandbalaklava.com.au//lines/oak-chocolate-btl-2l
Foodland Balaklava,2025-05-04 23:54:23,Oranges Jumbo Pack,3kg,was $12.00,$7.50,$2.50 per kg,https://foodlandbalaklava.com.au//lines/oranges-jumbo-pack-3kg
Foodland Balaklava,2025-05-04 23:54:23,Pampas Frozen Puff Pastry 10 Sheets,1.6kg,N/A,$8.95,$0.56 per 100g,https://foodlandbalaklava.com.au//lines/pampas-pastry-shts-bulk-pk1-6k
Foodland Balaklava,2025-05-04 23:54:23,Pauls Double Thick French Vanilla Custard,900g,was $6.85,$5.15,$0.57 per 100g,https://foodlandbalaklava.com.au//lines/pauls-cust-d-thick-van-900gm
Foodland Balaklava,2025-05-04 23:54:23,Peas Snow Pre Pack,150g,N/A,$6.50,$43.33 per kg,https://foodlandbalaklava.com.au//lines/peas-snow-pre-pack-150g
Foodland Balaklava,2025-05-04 23:54:23,Pepsi Max No Sugar Cola Soft Drink Bottle,2L,N/A,$3.80,$1.90 per L,https://foodlandbalaklava.com.au//lines/pepsi-max-2l
Foodland Balaklava,2025-05-04 23:54:25,Pepsi Max No Sugar Cola Soft Drink Cans Multipack,24 x 375mL,was $39.40,$22.50,$2.50 per L,https://foodlandbalaklava.com.au//lines/pepsi-max-cube-24x375ml
Foodland Balaklava,2025-05-04 23:54:25,Potatoes Red Loose Per Kg,N/A,N/A,$0.81,$5.60 per kg,https://foodlandbalaklava.com.au//lines/potatoes-red-loose-per-kg
Foodland Balaklava,2025-05-04 23:54:25,Primo Bacon Style Pieces Cook & Create,300g,was $5.80,$4.10,$13.67 per kg,https://foodlandbalaklava.com.au//lines/primo-bacon-pieces-twn-300gm
Foodland Balaklava,2025-05-04 23:54:25,Pura Full Cream Milk,3L,was $7.00,$6.20,$2.07 per L,https://foodlandbalaklava.com.au//lines/pura-whole-milk-3l
Foodland Balaklava,2025-05-04 23:54:25,Red Rock Deli Style Potato Chips Selection,280g,N/A,$7.50,$2.68 per 100g,https://foodlandbalaklava.com.au//lines/rr-deli-chip-var-box-10pk280gm
Foodland Balaklava,2025-05-04 23:54:25,San Remo No. 12 Fettuccine,500g,N/A,$2.95,$0.59 per 100g,https://foodlandbalaklava.com.au//lines/s-remo-fettuccine-plain-500gm
Foodland Balaklava,2025-05-04 23:54:25,Slaps And Son Old English Pork Thin Sausage,480g,N/A,$6.75,$14.06 per kg,https://foodlandbalaklava.com.au//lines/slapes-british-pork-chip-480g
Foodland Balaklava,2025-05-04 23:54:25,Smith's Tasty Mix Potato Chips Variety Multipack,20 x 368g,N/A,$7.50,$2.04 per 100g,https://foodlandbalaklava.com.au//lines/smiths-tasty-mix-mp-20pk-368g
Foodland Balaklava,2025-05-04 23:54:25,Smith’​S Crinkle Cut Potato Chips Flavour Mix Multipack Variety,380g,N/A,$7.50,$1.97 per 100g,https://foodlandbalaklava.com.au//lines/smiths-crink-var-bx-20pk-380gm
Foodland Balaklava,2025-05-04 23:54:25,Tuscany Cheese Shredded Tasty Cheese,750g,was $11.50,$9.50,$12.67 per kg,https://foodlandbalaklava.com.au//lines/tuscany-chs-tsty-shrd-750g
Foodland Balaklava,2025-05-04 23:54:25,Uncle Tobys Roll-Ups Rainbow Fruit Salad X6,6 x 94g,was $5.80,$5.20,$5.53 per 100g,https://foodlandbalaklava.com.au//lines/u-toby-roll-ups-rbow-f-sal94gm
Foodland Balaklava,2025-05-04 23:54:25,Vaalia Kids Probiotic Yoghurt Lactose Free Strawberry Pouch,140g,was $2.50,$2.00,$1.43 per 100g,https://foodlandbalaklava.com.au//lines/vaalia-ygt-kids-lc-f-s-by140gm
Foodland Balaklava,2025-05-04 23:54:25,Vaalia Kids Probiotic Yoghurt Tropical Pouch,140g,was $2.50,$2.00,$1.43 per 100g,https://foodlandbalaklava.com.au//lines/vaalia-ygt-kids-tropical-140gm
Foodland Balaklava,2025-05-04 23:54:25,Yp Beef Schnitzel Bulk,N/A,N/A,$21.99,N/A,https://foodlandbalaklava.com.au//lines/yp-beef-schnitzel-bulk-1
Foodland Balaklava,2025-05-04 23:54:25,Arnott's Shortbread Cream Biscuits,250g,was $4.20,$2.00,$0.80 per 100g,https://foodlandbalaklava.com.au//lines/arn-shortbread-cream-250gm
Foodland Balaklava,2025-05-04 23:54:25,Balducci Spirali No. 55,500g,was $2.00,$1.75,$0.35 per 100g,https://foodlandbalaklava.com.au//lines/balducci-spirali-55-500gm
Foodland Balaklava,2025-05-04 23:54:25,Bega Cheese Tasty Block,250g,was $7.90,$6.50,$26.00 per kg,https://foodlandbalaklava.com.au//lines/bega-chse-tasty-block-250gm
Foodland Balaklava,2025-05-04 23:54:25,Black & Gold Peas,1kg,N/A,$2.50,$2.50 per kg,https://foodlandbalaklava.com.au//lines/b-gold-peas-1kg
Foodland Balaklava,2025-05-04 23:54:25,Black & Gold Tomato Paste,500g,N/A,$1.40,$0.28 per 100g,https://foodlandbalaklava.com.au//lines/b-gold-tomato-paste-500gm
Foodland Balaklava,2025-05-04 23:54:25,Bulla Sour Cream,200mL,was $3.90,$3.70,$1.85 per 100mL,https://foodlandbalaklava.com.au//lines/bulla-cream-sour-35-fat-200ml
Foodland Balaklava,2025-05-04 23:54:25,Bulla Thick Cream,200mL,N/A,$4.00,$2.00 per 100mL,https://foodlandbalaklava.com.au//lines/bulla-cream-thick-200ml
Foodland Balaklava,2025-05-04 23:54:25,Campbell's Real Stock Chicken Stock,1L,N/A,$4.50,$0.45 per 100mL,https://foodlandbalaklava.com.au//lines/camp-real-stock-chicken-1l
Foodland Balaklava,2025-05-04 23:54:25,Capsicum Green,N/A,N/A,$1.20,$7.50 per kg,https://foodlandbalaklava.com.au//lines/capsicum-green
Foodland Balaklava,2025-05-04 23:54:25,Carman's 100% Natural Fruit Straps Apple & Mango 5 Twin Packs,70g,was $6.30,$5.35,$7.64 per 100g,https://foodlandbalaklava.com.au//lines/carmans-apple-mango-fr-straps-70g
Foodland Balaklava,2025-05-04 23:54:25,Celery Crunchy Cuts,300g,N/A,$6.60,$22.00 per kg,https://foodlandbalaklava.com.au//lines/celery-p-p-300gm
Foodland Balaklava,2025-05-04 23:54:25,Chapmans Kabanos,250g,was $6.30,$5.15,$20.60 per kg,https://foodlandbalaklava.com.au//lines/chapmans-kabanos-250gm
Foodland Balaklava,2025-05-04 23:54:25,Chicken Shredded Rst Styl,N/A,was $31.00,$28.90,N/A,https://foodlandbalaklava.com.au//lines/chicken-shredded-rst-styl-1
Foodland Balaklava,2025-05-04 23:54:25,Coca-Cola Classic Soft Drink Multipack Cans,10 x 375mL,was $21.00,$12.00,$3.20 per L,https://foodlandbalaklava.com.au//lines/coca-cola-can-10x375ml
Foodland Balaklava,2025-05-04 23:54:25,"Colgate Cavity Protection Toothpaste, , Great Regular Flavour, For Calcium Boost",175g,was $4.30,$3.40,$1.94 per 100g,https://foodlandbalaklava.com.au//lines/colg-f-gard-great-reg-175gm
Foodland Balaklava,2025-05-04 23:54:25,Community Co Fruit Easter Buns,N/A,N/A,$4.00,$0.83 per 100g,https://foodlandbalaklava.com.au//lines/comm-co-easter-buns-fruit-6pk-1
Foodland Balaklava,2025-05-04 23:54:25,Community Co. Extra Virgin Olive Oil,500mL,N/A,$12.35,$2.47 per 100mL,https://foodlandbalaklava.com.au//lines/comm-co-oil-olive-x-virg-500ml
Foodland Balaklava,2025-05-04 23:54:25,Daily Juice Co Orange Juice No Added Sugar,500mL,N/A,$3.50,$7.00 per L,https://foodlandbalaklava.com.au//lines/daily-jce-orange-jce-500ml
Foodland Balaklava,2025-05-04 23:54:25,Dairy Choice Milk Whole 3,N/A,N/A,$4.90,$1.63 per L,https://foodlandbalaklava.com.au//lines/dairy-choice-milk-whole-3l
Foodland Balaklava,2025-05-04 23:54:25,Deli Chicken Necks,N/A,N/A,$4.50,N/A,https://foodlandbalaklava.com.au//lines/ingham-chicken-necks-1
Foodland Balaklava,2025-05-04 23:54:25,Dolmio Classic Tomato Pasta Sauce,500g,N/A,$2.70,$0.54 per 100g,https://foodlandbalaklava.com.au//lines/dolmio-pst-sce-clas-tom-500gm
Foodland Balaklava,2025-05-04 23:54:25,Edgell Beetroot Sliced,425g,N/A,$2.95,$6.94 per kg,https://foodlandbalaklava.com.au//lines/edg-beetroot-sliced-425gm
Foodland Balaklava,2025-05-04 23:54:25,F/​Country Eco Beef Stk Rmp Rw,N/A,N/A,$14.00,$27.99 per kg,https://foodlandbalaklava.com.au//lines/f-country-eco-beef-stk-rmp-rw-1
Foodland Balaklava,2025-05-04 23:54:25,F/​Land Dip Hommus,200g,was $3.55,$2.95,$1.48 per 100g,https://foodlandbalaklava.com.au//lines/f-land-dip-hommus-200gm-1
Foodland Balaklava,2025-05-04 23:54:25,Fantastic Rice Crackers Barbeque,100g,N/A,$2.50,$2.50 per 100g,https://foodlandbalaklava.com.au//lines/fantastic-rcrkr-bbq-100gm
Foodland Balaklava,2025-05-04 23:54:25,Farmers Union Strong Iced Coffee Btl,2L,was $8.65,$6.50,$3.25 per L,https://foodlandbalaklava.com.au//lines/f-union-iced-coffee-strng-2l
Foodland Balaklava,2025-05-04 23:54:25,Foodland Eggs Free Range 6pk,300g,N/A,$3.80,$1.27 per 100g,https://foodlandbalaklava.com.au//lines/f-land-eggs-f-range-6pk-300gm
Foodland Balaklava,2025-05-04 23:54:25,Glad Wavetop Tie Fresh Scent Garbage Bags Purple Large 24pk 24pk,N/A,was $4.60,$3.95,$0.16 Each,https://foodlandbalaklava.com.au//lines/glad-bag-w-top-colour-lrg-24pk
Foodland Balaklava,2025-05-04 23:54:25,Ham Shredded,N/A,N/A,$20.00,N/A,https://foodlandbalaklava.com.au//lines/ham-shredded-1
Foodland Balaklava,2025-05-04 23:54:25,Hans American Hot Dogs,375g,was $7.05,$5.40,$14.40 per kg,https://foodlandbalaklava.com.au//lines/hans-american-hot-dogs-375gm
Foodland Balaklava,2025-05-04 23:54:25,Happy Muffin Co Blueberry 4pk,N/A,N/A,$5.45,$1.30 per 100g,https://foodlandbalaklava.com.au//lines/happy-muffin-co-blueberry-4pk
Foodland Balaklava,2025-05-04 23:54:25,Helga Brd Crftd S/​Dgh Wht700gm,N/A,was $7.55,$6.50,$0.93 per 100g,https://foodlandbalaklava.com.au//lines/helga-s-cftd-s-dough-white-700g
Foodland Balaklava,2025-05-04 23:54:25,Ingham's Sweet Chilli Chicken Tenders,1kg,was $13.65,$13.00,$13.00 per kg,https://foodlandbalaklava.com.au//lines/ingham-chic-tend-s-chil-1kg
Foodland Balaklava,2025-05-04 23:54:25,Jalna Natural Greek Yoghurt,170g,N/A,$2.25,$1.32 per 100g,https://foodlandbalaklava.com.au//lines/jalna-greek-natural-ygt-170g
Foodland Balaklava,2025-05-04 23:54:26,Maggi 2-Minute Noodles Noodles Chicken Multipack,72g,was $5.00,$4.10,$1.14 per 100g,https://foodlandbalaklava.com.au//lines/maggi-2-min-ndl-chic-5x72gm
Foodland Balaklava,2025-05-04 23:54:26,Mccain Vegetables Peas And Super Juicy Corn,1kg,was $7.35,$6.80,$6.80 per kg,https://foodlandbalaklava.com.au//lines/mcc-peas-s-sweet-corn-1kg
Foodland Balaklava,2025-05-04 23:54:26,Mccain Vegetables Peas Corn And Carrots 500,500g,was $4.00,$3.10,$6.20 per kg,https://foodlandbalaklava.com.au//lines/mcc-peas-corn-carrots-500gm
Foodland Balaklava,2025-05-04 23:54:26,Mccain Vegetables Premium Baby Beans 500,500g,N/A,$4.00,$8.00 per kg,https://foodlandbalaklava.com.au//lines/mcc-beans-baby-500gm
Foodland Balaklava,2025-05-04 23:54:26,Mission Corn Chip Delrnd,500g,N/A,$7.90,$1.58 per 100g,https://foodlandbalaklava.com.au//lines/mission-corn-chip-delrnd-500gm
Foodland Balaklava,2025-05-04 23:54:26,"Palmolive Gold Bar Soap, 4 Pack X , Daily Deodorant Protection",4 x 90g,was $5.25,$4.50,$1.25 per 100g,https://foodlandbalaklava.com.au//lines/palm-soap-gold-4x90gm
Foodland Balaklava,2025-05-04 23:54:26,Paul’​S Plus Protein Chocolate Yoghurt,160g,was $3.05,$1.70,$1.06 per 100g,https://foodlandbalaklava.com.au//lines/pauls-plus-prot-choc-160g
Foodland Balaklava,2025-05-04 23:54:26,Praise Mayonnaise Traditional Mayo,700g,N/A,$6.00,$0.86 per 100g,https://foodlandbalaklava.com.au//lines/praise-mayonnaise-trad-700gm
Foodland Balaklava,2025-05-04 23:54:26,Primo Thin Franks,500g,was $6.30,$3.90,$7.80 per kg,https://foodlandbalaklava.com.au//lines/primo-franks-slim-500gm
Foodland Balaklava,2025-05-04 23:54:26,Real Foods Corn Thins Original,150g,N/A,$2.20,$1.47 per 100g,https://foodlandbalaklava.com.au//lines/real-corn-thins-popped-150gm
Foodland Balaklava,2025-05-04 23:54:26,Slape & Sons Chicken Rissoles,480g,N/A,$6.75,$14.06 per kg,https://foodlandbalaklava.com.au//lines/slapes-chicken-rissoles-480g
Foodland Balaklava,2025-05-04 23:54:26,Slape And Sons Texas Beef Burgers,480g,N/A,$8.75,N/A,https://foodlandbalaklava.com.au//lines/slapes-texas-beef-burgers
Foodland Balaklava,2025-05-04 23:54:26,Smith's Crinkle Cut Potato Chips Barbecue,170g,was $5.25,$4.50,$2.65 per 100g,https://foodlandbalaklava.com.au//lines/smiths-crinkl-bbq-170gm
Foodland Balaklava,2025-05-04 23:54:26,Snackables Carrots,250g,N/A,$4.10,$16.40 per kg,https://foodlandbalaklava.com.au//lines/carrots-snackables-250g
Foodland Balaklava,2025-05-04 23:54:26,Snickers Milk Chocolate Bar Peanuts Caramel,44g,was $2.65,$1.25,$2.84 per 100g,https://foodlandbalaklava.com.au//lines/snickers-bar-44gm
Foodland Balaklava,2025-05-04 23:54:26,Sunbites Crackers Share Pack Cheddar & Chives,110g,was $3.45,$2.75,$2.50 per 100g,https://foodlandbalaklava.com.au//lines/sunbites-crk-chd-chv-110gm
Foodland Balaklava,2025-05-04 23:54:26,Tip Top Bakery The One Gluten Free Smooth Wholegrain,550g,N/A,$7.30,$1.33 per 100g,https://foodlandbalaklava.com.au//lines/t-top-brd-the-one-gf-w-grn-550gm
Foodland Balaklava,2025-05-04 23:54:26,Twisties Snacks Party Bag Share Pack Chicken Cheese,270g,N/A,$4.00,$1.48 per 100g,https://foodlandbalaklava.com.au//lines/twisties-chicken-270gm
Foodland Balaklava,2025-05-04 23:54:26,Vilis Donut Strawberry,100g,N/A,$3.30,$3.30 per 100g,https://foodlandbalaklava.com.au//lines/vilis-donut-strawberry-100gm
Foodland Balaklava,2025-05-04 23:54:26,Vitasoy Coconut Milk Unsweetened,1L,N/A,$3.45,$3.45 per L,https://foodlandbalaklava.com.au//lines/vitasoy-c-nut-milk-u-sw-uht-1l
Foodland Balaklava,2025-05-04 23:54:26,Abbott's Bakery Gluten Free Farmhouse Wholemeal Bread,500g,N/A,$7.90,$1.58 per 100g,https://foodlandbalaklava.com.au//lines/abbotts-brd-gf-wh-meal-500gm
Foodland Balaklava,2025-05-04 23:54:26,Abbott's Bakery Gluten Free Rustic White Bread,500g,N/A,$7.90,$1.58 per 100g,https://foodlandbalaklava.com.au//lines/abbotts-brd-wht-rustic-gf500gm
Foodland Balaklava,2025-05-04 23:54:26,Allen's Jelly Beans Lollies Bag,190g,was $5.25,$3.50,$1.84 per 100g,https://foodlandbalaklava.com.au//lines/allens-jelly-bean-frt-crze190g
Foodland Balaklava,2025-05-04 23:54:26,Arnott's Cruskits Original Crispbread,125g,N/A,$4.20,$3.36 per 100g,https://foodlandbalaklava.com.au//lines/arn-cruskits-125gm
Foodland Balaklava,2025-05-04 23:54:26,Arnott's Shapes Nacho Cheese Nz,160g,N/A,$4.00,$2.50 per 100g,https://foodlandbalaklava.com.au//lines/arn-shapes-nacho-cheese-160gm
Foodland Balaklava,2025-05-04 23:54:26,Arnott's The Original Marie Biscuits,250g,was $2.65,$1.75,$0.70 per 100g,https://foodlandbalaklava.com.au//lines/arn-marie-250gm
Foodland Balaklava,2025-05-04 23:54:26,Bega Cheese Original Stringers 8pk,160g,was $7.35,$6.50,$40.62 per kg,https://foodlandbalaklava.com.au//lines/bega-chse-strngrs-8stk-pk160gm
Foodland Balaklava,2025-05-04 23:54:26,Bega Farmer's Tasty Cheese Family Value Pack,1kg,N/A,$16.80,$16.80 per kg,https://foodlandbalaklava.com.au//lines/bega-chse-tasty-1kg
Foodland Balaklava,2025-05-04 23:54:26,Black & Gold Coconut Desiccated,500g,N/A,$4.90,$9.80 per kg,https://foodlandbalaklava.com.au//lines/b-gold-coconut-desiccated500gm
Foodland Balaklava,2025-05-04 23:54:26,Broccolini,N/A,N/A,$3.75,N/A,https://foodlandbalaklava.com.au//lines/broccolini-3
Foodland Balaklava,2025-05-04 23:54:26,Bulla Frozen Yogurt Strawberry Mango & Wild Berry,8 x 472g,N/A,$9.45,$2.00 per 100mL,https://foodlandbalaklava.com.au//lines/bulla-frzn-ygt-stk-variety-8s
Foodland Balaklava,2025-05-04 23:54:26,Cheer Tasty Cheese Slices,750g,was $17.65,$14.00,$18.67 per kg,https://foodlandbalaklava.com.au//lines/cheer-chse-tasty-slcd-750gm
Foodland Balaklava,2025-05-04 23:54:26,Chum Adult Dog Food With 3 Meats Can,1.2kg,N/A,$3.60,$0.30 per 100g,https://foodlandbalaklava.com.au//lines/chum-3-meats-1-2kg
Foodland Balaklava,2025-05-04 23:54:26,Community Co Two Fruits Fruit Cups In Juice,4 x 125g,N/A,$2.70,$5.40 per kg,https://foodlandbalaklava.com.au//lines/comm-co-two-frt-in-jce-4x125gm
Foodland Balaklava,2025-05-04 23:54:26,Community Co. Passata Sauce,690g,N/A,$2.25,$0.33 per 100g,https://foodlandbalaklava.com.au//lines/comm-co-sce-passa-bttle-690gm
Foodland Balaklava,2025-05-04 23:54:26,Continental Classics Cup A Soup Chinese Chicken & Corn With Lots Of Noodles,66g,was $2.95,$1.40,$2.12 per 100g,https://foodlandbalaklava.com.au//lines/cupasoup-lots-ndl-ch-c-crn2srv
Foodland Balaklava,2025-05-04 23:54:26,Cottee's® Strawberry Jam,375g,N/A,$3.50,$0.93 per 100g,https://foodlandbalaklava.com.au//lines/cott-jam-strawberry-375gm
Foodland Balaklava,2025-05-04 23:54:26,Devondale Extra Soft,750g,N/A,$9.95,$1.33 per 100g,https://foodlandbalaklava.com.au//lines/d-dale-ex-soft-750gm
Foodland Balaklava,2025-05-04 23:54:26,F/​Country Stk Sctch Flt Org Rw,N/A,N/A,$29.00,$57.99 per kg,https://foodlandbalaklava.com.au//lines/f-country-organic-scotch-fillet-1
Foodland Balaklava,2025-05-04 23:54:26,"Fab Perfume Indulgence Gold Absolute, Liquid Laundry Washing Detergent,",1.8L,N/A,$9.00,$5.00 per L,https://foodlandbalaklava.com.au//lines/fab-l-liq-perf-ind-gld-1-8l
Foodland Balaklava,2025-05-04 23:54:26,Five Brothers Tomato & Basil Pasta Sauce,500g,was $5.25,$4.00,$0.80 per 100g,https://foodlandbalaklava.com.au//lines/five-b-p-sc-tom-basil-500gm-2
Foodland Balaklava,2025-05-04 23:54:26,Flora Spread Butter,500g,was $5.50,$4.70,$0.94 per 100g,https://foodlandbalaklava.com.au//lines/flora-sprd-buttery-500gm-1
Foodland Balaklava,2025-05-04 23:54:26,Foodland Chicken Marinated,N/A,was $14.00,$13.00,N/A,https://foodlandbalaklava.com.au//lines/f-land-chicken-marinated-rw
Foodland Balaklava,2025-05-04 23:54:26,Fountain® Tomato Sauce,2L,N/A,$6.00,$0.30 per 100mL,https://foodlandbalaklava.com.au//lines/fount-sce-tomato-v-pack-2l
Foodland Balaklava,2025-05-04 23:54:26,Golden Circle® Tropical Punch Fruit Drink,1L,N/A,$2.85,$2.85 per L,https://foodlandbalaklava.com.au//lines/g-circ-drk-trop-fruit-1l
Foodland Balaklava,2025-05-04 23:54:26,Golden North Country Style Vanilla 5,N/A,N/A,$14.60,$0.29 per 100mL,https://foodlandbalaklava.com.au//lines/g-north-i-crm-c-style-van-5l
Foodland Balaklava,2025-05-04 23:54:26,Gravox® Chicken Gravy Mix,120g,was $5.25,$4.00,$0.33 per 10g,https://foodlandbalaklava.com.au//lines/gravox-grvy-can-seas-chic120gm
Foodland Balaklava,2025-05-04 23:54:26,Greenseas® Tuna Chunks In Springwater,425g,was $5.80,$5.40,$12.71 per kg,https://foodlandbalaklava.com.au//lines/greenseas-tuna-spr-water-425gm
Foodland Balaklava,2025-05-04 23:54:27,Ham Off Bone,N/A,N/A,$30.00,N/A,https://foodlandbalaklava.com.au//lines/ham-off-bone-1
Foodland Balaklava,2025-05-04 23:54:27,Helga's Lower Carb 5 Seeds,700g,was $6.80,$5.60,$0.80 per 100g,https://foodlandbalaklava.com.au//lines/helga-loaf-l-crb-5-seeds-700gm
Foodland Balaklava,2025-05-04 23:54:27,Helgas Bread Soy And Linseed,850g,was $6.55,$5.00,$0.59 per 100g,https://foodlandbalaklava.com.au//lines/helga-brd-soy-linseed-850gm
Foodland Balaklava,2025-05-04 23:54:27,I&​J Beer Battered Hoki,425g,N/A,$7.35,$17.29 per kg,https://foodlandbalaklava.com.au//lines/i-j-fish-beer-batter-425gm
Foodland Balaklava,2025-05-04 23:54:27,Ingham Crumbed Chicken Tenders,1kg,was $13.65,$13.00,$13.00 per kg,https://foodlandbalaklava.com.au//lines/ingham-chic-tend-orig-1kg
Foodland Balaklava,2025-05-04 23:54:27,Kan Tong Pineapple Sweet & Sour Stir Fry Cooking Sauce,515g,N/A,$4.85,$0.94 per 100g,https://foodlandbalaklava.com.au//lines/kantong-sce-swt-sr-p-aple515gm
Foodland Balaklava,2025-05-04 23:54:27,Kellogg's Coco Pops Chex,500g,was $10.00,$8.60,$1.72 per 100g,https://foodlandbalaklava.com.au//lines/kell-coco-pops-chex-500gm
Foodland Balaklava,2025-05-04 23:54:27,Kellogg's Special K Gluten Free,330g,N/A,$8.80,$2.67 per 100g,https://foodlandbalaklava.com.au//lines/kell-special-k-g-f-330gm
Foodland Balaklava,2025-05-04 23:54:27,Large Swiss Brown Mushroom,N/A,N/A,$1.44,$20.50 per kg,https://foodlandbalaklava.com.au//lines/mushrooms-swiss-brown
Foodland Balaklava,2025-05-04 23:54:27,M/​LAND OTG CHS CRBRY&​SFLW,38g,was $3.15,$2.80,$73.68 per kg,https://foodlandbalaklava.com.au//lines/m-land-otg-chs-crbry-sflw-38gm
Foodland Balaklava,2025-05-04 23:54:27,Mccain BBQ Meatlovers Family Pizza,500g,N/A,$8.50,$1.70 per 100g,https://foodlandbalaklava.com.au//lines/mcc-pizza-bbq-meatlovers-500gm
Foodland Balaklava,2025-05-04 23:54:27,Mccain Pub Style Wedges,750g,was $6.00,$4.20,$5.60 per kg,https://foodlandbalaklava.com.au//lines/mcc-pot-wdge-crunchy-750gm
Foodland Balaklava,2025-05-04 23:54:27,Mccain Vegetables Peas,1kg,was $6.30,$5.70,$5.70 per kg,https://foodlandbalaklava.com.au//lines/mcc-peas-1kg
Foodland Balaklava,2025-05-04 23:54:27,Palmolive Foaming Antibacterial Handwash Lime Refill,500mL,was $6.85,$6.30,$1.26 per 100mL,https://foodlandbalaklava.com.au//lines/palm-l-soap-foam-lime-rf-500ml
Foodland Balaklava,2025-05-04 23:54:27,"Palmolive Regular Dishwashing Liquid, , Original, Tough On Grease",500mL,was $3.90,$2.80,$0.56 per 100mL,https://foodlandbalaklava.com.au//lines/palm-d-wash-regular-liq-500ml
Foodland Balaklava,2025-05-04 23:54:27,Pedigree Adult Wet Dog Food 5 Kinds Of Meat Loaf Can,1.2kg,N/A,$4.00,$0.33 per 100g,https://foodlandbalaklava.com.au//lines/pedigr-five-kinds-of-meat1-2kg
Foodland Balaklava,2025-05-04 23:54:27,"Pedigree Adult Wet Dog Food Chicken, Rice & Vegies Casserole Can",1.2kg,N/A,$4.00,$0.33 per 100g,https://foodlandbalaklava.com.au//lines/pedigr-casserole-chicken-1-2kg
Foodland Balaklava,2025-05-04 23:54:27,Perfect Italiano Perfect Pizza Grated Cheese,150g,was $4.75,$4.00,$26.67 per kg,https://foodlandbalaklava.com.au//lines/perfect-chse-pza-shred-150gm
Foodland Balaklava,2025-05-04 23:54:27,PURA LACTOSE FREE FULL CREAM,2L,was $5.40,$5.00,$2.50 per L,https://foodlandbalaklava.com.au//lines/pura-l-free-f-crm-2l
Foodland Balaklava,2025-05-04 23:54:27,Rainbow Fresh Mesculin Mix,100g,N/A,$3.45,N/A,https://foodlandbalaklava.com.au//lines/r-fresh-mesculin-lettuce-100g
Foodland Balaklava,2025-05-04 23:54:27,San Remo Pasta Sauce Bolognese,500g,N/A,$4.85,$0.97 per 100g,https://foodlandbalaklava.com.au//lines/s-remo-bolognese-sauce-500gm
Foodland Balaklava,2025-05-04 23:54:27,So Good No Added Sugar Oat Milk,1L,N/A,$2.80,$2.80 per L,https://foodlandbalaklava.com.au//lines/sanit-so-good-oat-nas-uht-1l
Foodland Balaklava,2025-05-04 23:54:27,Three Threes Sweet Sliced Beetroot,415g,was $4.05,$3.30,$0.80 per 100g,https://foodlandbalaklava.com.au//lines/333-s-sweet-sliced-beetroot-415g
Foodland Balaklava,2025-05-04 23:54:27,Up&​Go Liquid Breakfast Strawberry,12 x 250mL,N/A,$17.50,$5.83 per L,https://foodlandbalaklava.com.au//lines/sanit-up-go-s-berry-12x250ml
Foodland Balaklava,2025-05-04 23:54:27,Vitasoy Oat Milky Chilled,1L,N/A,$3.70,$3.70 per L,https://foodlandbalaklava.com.au//lines/vitasoy-mlk-milky-oat-1l
Foodland Balaklava,2025-05-04 23:54:27,Western Star Chef's Choice Unsalted Cultured Butter,500g,N/A,$8.00,$1.60 per 100g,https://foodlandbalaklava.com.au//lines/w-star-butter-u-s-500gm
Foodland Balaklava,2025-05-04 23:54:27,Western Star Original Salted Butter,500g,N/A,$8.00,$1.60 per 100g,https://foodlandbalaklava.com.au//lines/w-star-butter-pats-500gm
Foodland Balaklava,2025-05-04 23:54:27,Yogo Chocolate With Choc Chip Mix,150g,N/A,$3.35,$2.23 per 100g,https://foodlandbalaklava.com.au//lines/yogo-mix-with-choc-chips-150gm-1
Foodland Balaklava,2025-05-04 23:54:27,Yopro High Protein Vanilla Greek Yoghurt Tub,700g,N/A,$7.50,$1.07 per 100g,https://foodlandbalaklava.com.au//lines/danone-ygt-pro-vanilla-700gm
Foodland Balaklava,2025-05-04 23:54:27,Ardmona Apricot Nectar Fruit Drink,405mL,N/A,$2.30,$5.68 per L,https://foodlandbalaklava.com.au//lines/ard-jce-apricot-nectar-405ml
Foodland Balaklava,2025-05-04 23:54:27,Arnott's Choc Ripple Biscuits,250g,N/A,$3.45,$1.38 per 100g,https://foodlandbalaklava.com.au//lines/arn-choc-ripple-250gm
Foodland Balaklava,2025-05-04 23:54:27,Arnott's Gingernut Sa/​Wa,250g,was $2.65,$1.75,$0.70 per 100g,https://foodlandbalaklava.com.au//lines/arn-gingernut-sa-wa-250gm
Foodland Balaklava,2025-05-04 23:54:27,Arnott's Kingston Cream Biscuits,200g,was $4.20,$2.00,$1.00 per 100g,https://foodlandbalaklava.com.au//lines/arn-kingston-200gm
Foodland Balaklava,2025-05-04 23:54:27,Balducci Spaghetti No. 4,500g,was $2.00,$1.75,$0.35 per 100g,https://foodlandbalaklava.com.au//lines/balducci-spaghetti-4-500gm
Foodland Balaklava,2025-05-04 23:54:27,Bickfords Cordial Peach Iced Tea,750mL,N/A,$5.80,$7.73 per L,https://foodlandbalaklava.com.au//lines/bickfords-cord-peach-tea-750ml
Foodland Balaklava,2025-05-04 23:54:27,Birds Eye Golden Crunch Thin & Crispy Frozen Chips,900g,N/A,$6.10,$6.78 per kg,https://foodlandbalaklava.com.au//lines/b-eye-chips-gld-crnc-10mm900gm
Foodland Balaklava,2025-05-04 23:54:27,Black & Gold Bi Carb Soda,500g,N/A,$2.45,$0.49 per 100g,https://foodlandbalaklava.com.au//lines/b-gold-bi-carb-soda-500gm
Foodland Balaklava,2025-05-04 23:54:27,Black & Gold Disinf Eucalyptus,2L,N/A,$1.50,$0.08 per 100mL,https://foodlandbalaklava.com.au//lines/b-gold-disinf-eucalyptus-2l
Foodland Balaklava,2025-05-04 23:54:27,Black & Gold Paper Plates 20pk,N/A,N/A,$1.50,$0.08 Each,https://foodlandbalaklava.com.au//lines/b-gold-pap-plate-u-c225mm-20s
Foodland Balaklava,2025-05-04 23:54:27,Black & Gold Puff Pastry Sheets,1kg,N/A,$4.00,$0.40 per 100g,https://foodlandbalaklava.com.au//lines/b-gold-pastry-puff-sheets-1kg
Foodland Balaklava,2025-05-04 23:54:27,Bref Deluxe Lovely Jasmine Toilet Rim Block,3 x 50g,was $13.65,$8.50,$5.67 per 100g,https://foodlandbalaklava.com.au//lines/bref-deluxe-lovely-jasm-3x50gm
Foodland Balaklava,2025-05-04 23:54:27,Bulla Ice Cream Vanilla,2L,N/A,$6.00,$0.30 per 100mL,https://foodlandbalaklava.com.au//lines/bulla-i-crm-vanilla-2l
Foodland Balaklava,2025-05-04 23:54:27,Cabbage Red Quarter,N/A,N/A,$1.50,N/A,https://foodlandbalaklava.com.au//lines/cabbage-red-quarter
Foodland Balaklava,2025-05-04 23:54:27,Cadbury Dairy Milk Marvellous Creations Jelly Popping Candy & Beanies Bar,50g,was $2.65,$2.05,$4.10 per 100g,https://foodlandbalaklava.com.au//lines/cad-choc-mc-jel-pop-cndy-50gm
Foodland Balaklava,2025-05-04 23:54:27,Cadbury Special Treats Chocolate Sharepack (​12 Pack),180g,was $7.00,$6.20,$3.44 per 100g,https://foodlandbalaklava.com.au//lines/cad-special-trts-shr-pk-180gm
Foodland Balaklava,2025-05-04 23:54:27,Carman's 100% Natural Fruit Straps Apple & Blueberry 5 Twin Packs,70g,was $6.30,$5.35,$7.64 per 100g,https://foodlandbalaklava.com.au//lines/carmans-apple-b-bry-fr-straps-70g
Foodland Balaklava,2025-05-04 23:54:27,Cheer Tasty Cheddar Block,1kg,N/A,$16.65,$16.65 per kg,https://foodlandbalaklava.com.au//lines/cheer-chse-tasty-blk-1kg
Foodland Balaklava,2025-05-04 23:54:27,Chicken Burgers,N/A,N/A,$1.90,N/A,https://foodlandbalaklava.com.au//lines/chicken-burgers
Foodland Balaklava,2025-05-04 23:54:28,Cobs Butter Popcorn Multi Pack,5 x 65g,N/A,$4.20,$6.46 per 100g,https://foodlandbalaklava.com.au//lines/cobs-popcorn-butter-m-pk-65gm
Foodland Balaklava,2025-05-04 23:54:28,Coca-Cola Light/​Diet Coke Diet Coca-Cola Soft Drink Bottle,2L,was $5.45,$4.20,$2.10 per L,https://foodlandbalaklava.com.au//lines/diet-coke-2l
Foodland Balaklava,2025-05-04 23:54:28,Comm Co Kids Yoghurt Blueberry,70g,N/A,$0.80,$1.14 per 100g,https://foodlandbalaklava.com.au//lines/comm-co-ygt-kids-bbry-pouc70gm
Foodland Balaklava,2025-05-04 23:54:28,Community Co Peach Slices,695g,N/A,$3.80,$5.47 per kg,https://foodlandbalaklava.com.au//lines/comm-co-peach-slc-jce-695gm
Foodland Balaklava,2025-05-04 23:54:28,Continental Classics Cup A Soup Creamy Chicken & Corn With Croutons,60g,was $2.95,$1.40,$2.33 per 100g,https://foodlandbalaklava.com.au//lines/cupasoup-crt-crmy-chk-crn-2srv
Foodland Balaklava,2025-05-04 23:54:28,Continental Classics Simmer Soup Chicken Noodle,45g,N/A,$1.25,$2.78 per 100g,https://foodlandbalaklava.com.au//lines/cont-soup-chicken-noodle-45gm
Foodland Balaklava,2025-05-04 23:54:28,Don® Sliced Pepperoni,100g,was $6.00,$4.05,$40.50 per kg,https://foodlandbalaklava.com.au//lines/don-pepperoni-slc-100gm
Foodland Balaklava,2025-05-04 23:54:28,Doritos Corn Chips Cheese Supreme,380g,was $9.45,$4.45,$1.17 per 100g,https://foodlandbalaklava.com.au//lines/doritos-c-chip-chs-sup-380gm
Foodland Balaklava,2025-05-04 23:54:28,Farmers Union Iced Coffee Lactose Free,600mL,was $3.25,$2.90,$4.83 per L,https://foodlandbalaklava.com.au//lines/f-union-iced-coff-l-fr-600ml
Foodland Balaklava,2025-05-04 23:54:28,Four'n Twenty Beef & Cheese Pies,700g,N/A,$9.00,$1.29 per 100g,https://foodlandbalaklava.com.au//lines/4-n-20-pie-bf-cheese-4s-700gm
Foodland Balaklava,2025-05-04 23:54:28,Handee Ultra Paper Towel - 4 Pack,N/A,was $6.85,$5.80,$2.42 per 100 Sheets,https://foodlandbalaklava.com.au//lines/handee-towel-ult-white-2ply-4s
Foodland Balaklava,2025-05-04 23:54:28,Happy Muffin Co Double Choc 4pk,N/A,N/A,$5.45,$1.30 per 100g,https://foodlandbalaklava.com.au//lines/happy-muffin-co-double-choc-4pk
Foodland Balaklava,2025-05-04 23:54:28,Helga's Wholemeal Grain Loaf Sliced Bread,850g,was $6.55,$5.00,$0.59 per 100g,https://foodlandbalaklava.com.au//lines/helga-brd-w-meal-grain-850gm
Foodland Balaklava,2025-05-04 23:54:28,Hi Fresh Fresh Shredded Iceberg,300g,N/A,$3.35,N/A,https://foodlandbalaklava.com.au//lines/hi-fresh-shredded-iceberg-200gm
Foodland Balaklava,2025-05-04 23:54:28,Hot Dog Roll 6pk Large,N/A,N/A,$5.00,$1.25 Each,https://foodlandbalaklava.com.au//lines/hotdog-roll-large-6pk
Foodland Balaklava,2025-05-04 23:54:28,Ingham Southern Style Chicken Tenders,440g,N/A,$10.00,$22.73 per kg,https://foodlandbalaklava.com.au//lines/ingham-chic-tenders-sth-sty440gm
Foodland Balaklava,2025-05-04 23:54:28,Ingham's Chicken Kebabs Honey Soy,N/A,N/A,$9.00,$20.00 per kg,https://foodlandbalaklava.com.au//lines/inghams-kebab-hny-sy-tray450gm-1
Foodland Balaklava,2025-05-04 23:54:28,Jacobs Fritz,1kg,was $8.35,$6.90,$6.90 per kg,https://foodlandbalaklava.com.au//lines/jacobs-fritz-1kg
Foodland Balaklava,2025-05-04 23:54:28,Kellogg's Lcms Choc Chip (​5 X ) 100g,20g,N/A,$4.75,$4.75 per 100g,https://foodlandbalaklava.com.au//lines/kell-lcm-r-bub-choc-chip-100gm
Foodland Balaklava,2025-05-04 23:54:28,Kirks-Ko Kirks Lemon Squash Multipack Cans Soft Drink,10 x 375mL,was $15.75,$13.75,$3.67 per L,https://foodlandbalaklava.com.au//lines/kirks-lemon-10x375ml
Foodland Balaklava,2025-05-04 23:54:28,Kirks-Ko Kirks Pasito Bottle Soft Drink,1.25L,was $3.00,$2.55,$2.04 per L,https://foodlandbalaklava.com.au//lines/kirks-pasito-1-25l
Foodland Balaklava,2025-05-04 23:54:28,Kirks-Ko Kirks Sugar Free Creaming Soda Multipack Cans Soft Drink,10 x 375mL,was $15.75,$13.75,$3.67 per L,https://foodlandbalaklava.com.au//lines/kirks-cream-soda-s-f-10x375ml
Foodland Balaklava,2025-05-04 23:54:28,Kleenex Toilet Roll White 18pk,N/A,was $13.65,$11.00,$0.34 per 100 Sheets,https://foodlandbalaklava.com.au//lines/klnx-t-roll-whit-reg-18pk
Foodland Balaklava,2025-05-04 23:54:28,Kraft® Singles Original (​24 Slices),432g,was $9.00,$7.85,$18.17 per kg,https://foodlandbalaklava.com.au//lines/kft-chse-singles-org-432gm
Foodland Balaklava,2025-05-04 23:54:28,La Famiglia Traditional Garlic Bread,400g,N/A,$5.00,$1.25 per 100g,https://foodlandbalaklava.com.au//lines/la-famiglia-brd-trad-gar-400gm
Foodland Balaklava,2025-05-04 23:54:28,La Ice Cola Reg,2L,N/A,$2.70,$1.35 per L,https://foodlandbalaklava.com.au//lines/tru-blu-la-ice-cola-reg-2l
Foodland Balaklava,2025-05-04 23:54:28,Leggo's Tomato Paste,400g,was $4.75,$4.00,$1.00 per 100g,https://foodlandbalaklava.com.au//lines/leggos-sqz-pste-tom-400gm
Foodland Balaklava,2025-05-04 23:54:28,Local Kitchen Pasta Salad,250g,N/A,$4.00,$16.00 per kg,https://foodlandbalaklava.com.au//lines/lk-pasta-salad-250g
Foodland Balaklava,2025-05-04 23:54:28,Maggi Honey Soy Stir Fry Recipe Base Serves 4,150g,was $3.70,$3.20,$2.13 per 100g,https://foodlandbalaklava.com.au//lines/maggi-cul-hny-soy-garlic-150gm
Foodland Balaklava,2025-05-04 23:54:28,Mccain Healthy Choice Straight Cut Fries,1kg,was $6.30,$4.80,$4.80 per kg,https://foodlandbalaklava.com.au//lines/mcc-fries-h-choice-s-cut-1kg
Foodland Balaklava,2025-05-04 23:54:28,Meadowlea Original Margarine,1kg,was $7.60,$6.40,$0.64 per 100g,https://foodlandbalaklava.com.au//lines/meadow-lea-sprd-1kg
Foodland Balaklava,2025-05-04 23:54:28,Nectarines Yellow Per Kg,N/A,N/A,$7.50,N/A,https://foodlandbalaklava.com.au//lines/nectarines-yellow-per-kg-1
Foodland Balaklava,2025-05-04 23:54:28,Nestle Milo® Choc Malt Powder Drink,1.1kg,was $18.80,$14.15,$1.29 per 100g,https://foodlandbalaklava.com.au//lines/nes-milo-1-1kg
Foodland Balaklava,2025-05-04 23:54:28,Nestle Uncle Tobys Muesli Bars Yoghurt Variety Pack X15 15pk,469g,N/A,$8.00,$1.71 per 100g,https://foodlandbalaklava.com.au//lines/u-toby-mues-b-ygt-var-pk-469gm
Foodland Balaklava,2025-05-04 23:54:28,Palmolive Ultra Strength Concentrate Dishwashing Liquid Gentle Care With Aloe Hypoallergenic Dermatologist Tested,500mL,was $5.25,$4.00,$0.80 per 100mL,https://foodlandbalaklava.com.au//lines/palm-d-wsh-u-gentle-aloe-500ml
Foodland Balaklava,2025-05-04 23:54:28,Pauls Double Thick Rich Chocolate Custard,900g,was $6.85,$5.15,$0.57 per 100g,https://foodlandbalaklava.com.au//lines/pauls-cust-d-thick-choc-900gm
Foodland Balaklava,2025-05-04 23:54:28,Pedigree Adult Wet Dog Food Beef Vegies & Gravy Casserole Can,1.2kg,N/A,$4.00,$0.33 per 100g,https://foodlandbalaklava.com.au//lines/pedigr-casserole-beef-1-2kg
Foodland Balaklava,2025-05-04 23:54:28,Praise Potato Salad Dressing,330mL,was $3.80,$3.00,$0.91 per 100mL,https://foodlandbalaklava.com.au//lines/praise-drs-crm-potat-sld-330ml
Foodland Balaklava,2025-05-04 23:54:28,Primo Champagne Leg Ham,100g,was $4.15,$3.95,$39.50 per kg,https://foodlandbalaklava.com.au//lines/primo-ham-champagne-100gm
Foodland Balaklava,2025-05-04 23:54:28,Primo Chicken Breast,80g,was $4.15,$3.95,$49.38 per kg,https://foodlandbalaklava.com.au//lines/primo-chicken-brst-shv-80gm
Foodland Balaklava,2025-05-04 23:54:28,Primo Shredded Ham Cook & Create,300g,was $5.80,$4.50,$15.00 per kg,https://foodlandbalaklava.com.au//lines/primo-ham-shredded-01222-300gm
Foodland Balaklava,2025-05-04 23:54:28,Purina Grilled Chicken Fancy Feast,6 x 85g,was $8.95,$6.20,$1.22 per 100g,https://foodlandbalaklava.com.au//lines/purina-f-fst-gril-chk-grv6x85g
Foodland Balaklava,2025-05-04 23:54:28,"Purina Lucky Dog Adult Chicken, Vegetable And Pasta Flavour",3kg,was $11.55,$9.00,$0.30 per 100g,https://foodlandbalaklava.com.au//lines/purina-l-dog-chic-veg-3kg
Foodland Balaklava,2025-05-04 23:54:28,Quilton Toilet Roll White 3ply Double Length 4pk,N/A,was $6.30,$6.00,$0.42 per 100 Sheets,https://foodlandbalaklava.com.au//lines/quilton-t-roll-wht-3p-dl-4pk
Foodland Balaklava,2025-05-04 23:54:28,Rainbow Fresh Wild Rocket,100g,N/A,$3.45,N/A,https://foodlandbalaklava.com.au//lines/r-fresh-wild-rocket-100g
Foodland Balaklava,2025-05-04 23:54:28,Real Foods Cheese Flavoured Corn Thins,125g,N/A,$2.20,$1.76 per 100g,https://foodlandbalaklava.com.au//lines/real-corn-thins-tsty-chse125gm
Foodland Balaklava,2025-05-04 23:54:28,Rhodes Clare Valley Free Range Large Eggs,N/A,N/A,$6.50,$1.08 per 100g,https://foodlandbalaklava.com.au//lines/rohde-eggs-free-range-600gm
Foodland Balaklava,2025-05-04 23:54:28,Schweppes Lemonade Soft Drink Cans Multipack,30 x 375mL,N/A,$25.00,$2.22 per L,https://foodlandbalaklava.com.au//lines/schw-lemonade-30x375ml
Foodland Balaklava,2025-05-04 23:54:29,Slapes Sausage Mince,1kg,N/A,$8.60,N/A,https://foodlandbalaklava.com.au//lines/slapes-sausage-mince-1kg
Foodland Balaklava,2025-05-04 23:54:29,Smith's Potato Chips Baked Sour Cream And Chives,130g,was $4.20,$3.00,$2.31 per 100g,https://foodlandbalaklava.com.au//lines/smiths-baked-s-crm-chl-130gm
Foodland Balaklava,2025-05-04 23:54:29,Solo Thirst Crusher Original Lemon Soft Drink Cans Multipack,375mL,N/A,$25.00,$2.22 per L,https://foodlandbalaklava.com.au//lines/solo-30x375ml
Foodland Balaklava,2025-05-04 23:54:29,Spc Diced Tomatoes,400g,N/A,$1.80,$4.50 per kg,https://foodlandbalaklava.com.au//lines/spc-tomatoes-diced-400gm
Foodland Balaklava,2025-05-04 23:54:29,Sunbites Grain Waves Extruded Snacks Sour Cream And Chives,170g,was $5.25,$4.45,$2.62 per 100g,https://foodlandbalaklava.com.au//lines/sunbite-grnwave-s-crm-chv170gm
Foodland Balaklava,2025-05-04 23:54:29,Suprima Rolls Vietnamese 4pk,N/A,N/A,$4.00,$3.33 per 100g,https://foodlandbalaklava.com.au//lines/suprima-rolls-vietnamese-4pk-1
Foodland Balaklava,2025-05-04 23:54:29,Tetley Chai Latte Classic 8 Each,N/A,was $7.05,$5.70,$2.85 per 100g,https://foodlandbalaklava.com.au//lines/tetley-chai-latte-classic-8s
Foodland Balaklava,2025-05-04 23:54:29,Tip Top Bakery Tip Top® The One® Soft Wholemeal E,700g,was $5.90,$4.50,$0.64 per 100g,https://foodlandbalaklava.com.au//lines/t-top-brd-the-one-w-m-700gm
Foodland Balaklava,2025-05-04 23:54:29,Uncle Tobys Plus Antioxidant Breakfast Cereal With Cranberries & Blueberries,675g,was $9.25,$7.20,$1.07 per 100g,https://foodlandbalaklava.com.au//lines/u-toby-plus-antioxidnt-675gm
Foodland Balaklava,2025-05-04 23:54:29,Vaalia Kids Probiotic Yoghurt Lactose Free Vanilla,140g,was $2.50,$2.00,$1.43 per 100g,https://foodlandbalaklava.com.au//lines/vaalia-ygt-kids-l-fr-van-140gm
Foodland Balaklava,2025-05-04 23:54:29,Vegemite,560g,N/A,$10.50,$1.88 per 100g,https://foodlandbalaklava.com.au//lines/vegemite-560gm-1
Foodland Balaklava,2025-05-04 23:54:29,Vilis Pasty,150g,N/A,$5.00,$3.33 per 100g,https://foodlandbalaklava.com.au//lines/vilis-pasty-150gm
Foodland Balaklava,2025-05-04 23:54:29,Vitasoy Soy Milky Lite Chilled,1L,N/A,$3.00,$3.00 per L,https://foodlandbalaklava.com.au//lines/vitasoy-milky-esl-lte-1l-1
Foodland Balaklava,2025-05-04 23:54:29,Weightwatchers Beef Bolognese,320g,N/A,$6.85,$2.14 per 100g,https://foodlandbalaklava.com.au//lines/w-watcher-cottage-pie-320gm-1
Foodland Balaklava,2025-05-04 23:54:29,Wintulichs Cheese Kransky,375g,N/A,$8.60,N/A,https://foodlandbalaklava.com.au//lines/wintulichs-kransky-375gm
Foodland Balaklava,2025-05-04 23:54:29,Yoplait Vanilla Yoghurt Multipack,6 x 160g,N/A,$6.50,$0.68 per 100g,https://foodlandbalaklava.com.au//lines/yop-ygt-vanilla-6x160gm
Foodland Balaklava,2025-05-04 23:54:29,Yopro High Protein Strawberry Greek Yoghurt Pouch,150g,N/A,$3.15,$2.10 per 100g,https://foodlandbalaklava.com.au//lines/danone-yopro-ygt-strbry-150gm
Foodland Balaklava,2025-05-04 23:54:29,A/​Park Apricots Diced,200g,N/A,$6.30,$31.50 per kg,https://foodlandbalaklava.com.au//lines/a-park-apricots-diced-200gm
Foodland Balaklava,2025-05-04 23:54:29,Abbott's Bakery Rustic White Bread,700g,was $6.50,$5.00,$0.71 per 100g,https://foodlandbalaklava.com.au//lines/abbotts-bread-wht-rustic-700gm
Foodland Balaklava,2025-05-04 23:54:29,Ardmona Crushed Vine Ripened Tomatoes,400g,N/A,$2.10,$5.12 per kg,https://foodlandbalaklava.com.au//lines/ard-tomatoes-crushed-410gm
Foodland Balaklava,2025-05-04 23:54:29,Arnott's Farmbake Cookies Chocolate Chip,310g,was $5.80,$5.00,$1.61 per 100g,https://foodlandbalaklava.com.au//lines/arn-f-bake-choc-chip-310gm
Foodland Balaklava,2025-05-04 23:54:29,Arnott's Raspberry Shortcake Biscuits,250g,was $4.20,$2.00,$0.80 per 100g,https://foodlandbalaklava.com.au//lines/arn-raspberry-shortcake-250gm
Foodland Balaklava,2025-05-04 23:54:29,Arnott's The Original Milk Coffee Biscuits,250g,was $2.65,$1.75,$0.70 per 100g,https://foodlandbalaklava.com.au//lines/arn-milk-coffee-250gm
Foodland Balaklava,2025-05-04 23:54:29,Arnott's The Original Scotch Finger Biscuits,250g,was $3.45,$2.50,$1.00 per 100g,https://foodlandbalaklava.com.au//lines/arn-scotch-finger-250gm
Foodland Balaklava,2025-05-04 23:54:29,Arnott's YoYo Biscuits,250g,N/A,$3.45,$1.38 per 100g,https://foodlandbalaklava.com.au//lines/arn-yo-yo-small-case-250gm
Foodland Balaklava,2025-05-04 23:54:29,Black & Gold MILK POWDER SKIM,1kg,N/A,$10.00,$1.00 per 100g,https://foodlandbalaklava.com.au//lines/b-gold-milk-pdr-inst-skim-1kg
Foodland Balaklava,2025-05-04 23:54:29,Baby Bumkins Baby Wipes Unscented 80pk,N/A,N/A,$2.20,$2.75 Units100,https://foodlandbalaklava.com.au//lines/b-b-baby-wipes-unscented-80pk
Foodland Balaklava,2025-05-04 23:54:29,Bickfords Syrup Iced Coff500ml,N/A,N/A,$7.35,$14.70 per L,https://foodlandbalaklava.com.au//lines/bickfords-iced-coff-syrup500ml
Foodland Balaklava,2025-05-04 23:54:29,Birds Eye Fish Cakes,300g,was $6.85,$5.15,$17.17 per kg,https://foodlandbalaklava.com.au//lines/b-eye-fish-cake-300gm
Foodland Balaklava,2025-05-04 23:54:29,Black & Gold Cat Litter,9kg,N/A,$7.55,$0.84 per kg,https://foodlandbalaklava.com.au//lines/b-gold-cat-litter-9kg
Foodland Balaklava,2025-05-04 23:54:29,Black & Gold Long Grain Rice,2kg,N/A,$3.60,$0.18 per 100g,https://foodlandbalaklava.com.au//lines/b-gold-rice-long-grain-2kg
Foodland Balaklava,2025-05-04 23:54:29,Black & Gold Spirals,500g,N/A,$0.90,$0.18 per 100g,https://foodlandbalaklava.com.au//lines/b-gold-spirals-500gm
Foodland Balaklava,2025-05-04 23:54:29,Black & Gold Straight Cut Potato Chips,1kg,N/A,$4.00,$4.00 per kg,https://foodlandbalaklava.com.au//lines/b-gold-chips-s-cut-1kg
Foodland Balaklava,2025-05-04 23:54:29,Black & Gold Tomato Sauce 2,N/A,N/A,$5.30,$0.26 per 100mL,https://foodlandbalaklava.com.au//lines/b-gold-sce-tomato-2l
Foodland Balaklava,2025-05-04 23:54:29,Buttercup Multigrain Sandwich,700g,N/A,$3.50,$0.50 per 100g,https://foodlandbalaklava.com.au//lines/b-cup-bread-multigrain-700g
Foodland Balaklava,2025-05-04 23:54:29,Chicken Schnitzel Breast,N/A,N/A,$19.99,N/A,https://foodlandbalaklava.com.au//lines/chicken-schnitzel-breast-1
Foodland Balaklava,2025-05-04 23:54:29,Chicken Wingettes Honey Soy,N/A,N/A,$9.99,N/A,https://foodlandbalaklava.com.au//lines/chicken-wingettes-honey-soy
Foodland Balaklava,2025-05-04 23:54:29,Cobs Popcorn Lightly Salted Slightly Sweet Multipack,65g,N/A,$4.20,$6.46 per 100g,https://foodlandbalaklava.com.au//lines/cobs-popcorn-lt-slt-swt-5x13gm
Foodland Balaklava,2025-05-04 23:54:29,Comm Co Mud Cake Chocolate,600g,was $6.60,$5.90,$0.98 per 100g,https://foodlandbalaklava.com.au//lines/comm-co-mud-cke-choc-600gm
Foodland Balaklava,2025-05-04 23:54:29,Community & Co Jam Strawberry,500g,N/A,$2.80,$0.56 per 100g,https://foodlandbalaklava.com.au//lines/comm-co-jam-strawberry-500gm
Foodland Balaklava,2025-05-04 23:54:29,Community Co Coconut Water,1L,N/A,$3.20,$3.20 per L,https://foodlandbalaklava.com.au//lines/comm-co-coconut-water-1l
Foodland Balaklava,2025-05-04 23:54:29,Cottees Zero Sugar Lime Cordial Coola Flavour Bottle,1L,was $5.90,$2.95,$2.95 per L,https://foodlandbalaklava.com.au//lines/cott-cord-coola-z-sgr-1l
Foodland Balaklava,2025-05-04 23:54:29,Csr Brown Sugar,1kg,was $5.40,$5.00,$0.50 per 100g,https://foodlandbalaklava.com.au//lines/csr-brown-sugar-1kg
Foodland Balaklava,2025-05-04 23:54:29,Dairy Farmers Chocolate Milk,375mL,was $2.70,$2.35,$6.27 per L,https://foodlandbalaklava.com.au//lines/dairy-farmers-classic-choc-375ml
Foodland Balaklava,2025-05-04 23:54:29,Devondale Colby Cheese Block,500g,was $12.10,$9.50,$19.00 per kg,https://foodlandbalaklava.com.au//lines/d-dale-chse-colby-aust-500gm
Foodland Balaklava,2025-05-04 23:54:29,Edgell Beetroot Sliced,225g,N/A,$2.10,$9.33 per kg,https://foodlandbalaklava.com.au//lines/edg-beetroot-sliced-225gm
Foodland Balaklava,2025-05-04 23:54:29,F/​Land Soda Water,1.25L,was $1.60,$1.50,$1.20 per L,https://foodlandbalaklava.com.au//lines/f-land-soda-water-1-25l
Foodland Balaklava,2025-05-04 23:54:29,"Fab Fresh Blossoms, Liquid Laundry Washing Detergent,",2L,N/A,$9.00,$4.50 per L,https://foodlandbalaklava.com.au//lines/fab-l-liq-fresh-blossom-2l
Foodland Balaklava,2025-05-04 23:54:30,Farmers Union Feel Good Coffee,600mL,was $3.25,$2.90,$4.83 per L,https://foodlandbalaklava.com.au//lines/farm-union-milk-f-g-coffe600ml
Foodland Balaklava,2025-05-04 23:54:30,Feel Good Iced Coffee,2L,was $7.35,$6.50,$3.25 per L,https://foodlandbalaklava.com.au//lines/farm-union-milk-f-g-coffee-2l
Foodland Balaklava,2025-05-04 23:54:30,Felix Adult As Good As It Looks™ Ocean Menus In Jelly Wet Cat Food,24 x 85g,N/A,$21.50,$1.05 per 100g,https://foodlandbalaklava.com.au//lines/purina-felix-ocean-menu24x85gm
Foodland Balaklava,2025-05-04 23:54:30,Flora Spread Original,1kg,was $9.40,$7.90,$0.79 per 100g,https://foodlandbalaklava.com.au//lines/flora-sprd-orig-1kg-1
Foodland Balaklava,2025-05-04 23:54:30,Foodland Finger Bun Fruitess420gm,N/A,was $5.79,$5.50,$1.31 per 100g,https://foodlandbalaklava.com.au//lines/f-land-finger-bun-fr-less420gm
Foodland Balaklava,2025-05-04 23:54:30,Fresh Pizza Large BBQ Chicken,N/A,N/A,$12.99,N/A,https://foodlandbalaklava.com.au//lines/fresh-pizza-large-bbq-chicken
Foodland Balaklava,2025-05-04 23:54:30,Gawler South Bakery Chocolate Eclair,170g,N/A,$4.80,$2.82 per 100g,https://foodlandbalaklava.com.au//lines/gsb-chocolate-eclair-170g
Foodland Balaklava,2025-05-04 23:54:30,Golden Circle® Baby Beetroot,450g,was $2.90,$2.60,$5.78 per kg,https://foodlandbalaklava.com.au//lines/g-circ-beetroot-whl-baby-450gm
Foodland Balaklava,2025-05-04 23:54:30,Golden Circle® Tropical Punch Fruit Drink,6 x 250mL,was $5.10,$4.50,$3.00 per L,https://foodlandbalaklava.com.au//lines/g-circ-drk-trop-punch-6x250ml
Foodland Balaklava,2025-05-04 23:54:30,Greenseas® Tuna Chunks In Springwater,95g,was $2.77,$1.30,$13.68 per kg,https://foodlandbalaklava.com.au//lines/greenseas-tuna-spr-water-95gm
Foodland Balaklava,2025-05-04 23:54:30,Hot Chicken Half,N/A,N/A,$6.99,N/A,https://foodlandbalaklava.com.au//lines/chicken-hot-half-1
Foodland Balaklava,2025-05-04 23:54:30,Kabana,N/A,N/A,$18.00,N/A,https://foodlandbalaklava.com.au//lines/kabana
Foodland Balaklava,2025-05-04 23:54:30,Kirks-Ko Kirks Creaming Soda Bottle Soft Drink Bottle,1.25L,was $3.00,$2.55,$2.04 per L,https://foodlandbalaklava.com.au//lines/kirks-creaming-soda-1-25l
Foodland Balaklava,2025-05-04 23:54:30,Kirks-Ko Kirks Sno-Drop Bottle Soft Drink,1.25L,was $3.00,$2.55,$2.04 per L,https://foodlandbalaklava.com.au//lines/kirks-sno-drop-1-25l
Foodland Balaklava,2025-05-04 23:54:30,Limes Per Kg,N/A,N/A,$0.90,$9.00 per kg,https://foodlandbalaklava.com.au//lines/limes-per-kg
Foodland Balaklava,2025-05-04 23:54:30,Maggi 2-Minute Noodles Noodles Oriental Multipack,370g,was $5.00,$4.10,$1.11 per 100g,https://foodlandbalaklava.com.au//lines/maggi-2-min-ndl-orient-5x74gm
Foodland Balaklava,2025-05-04 23:54:30,Mandarins Per Kg,N/A,N/A,$5.65,N/A,https://foodlandbalaklava.com.au//lines/mandarins-per-kg
Foodland Balaklava,2025-05-04 23:54:30,Mccain Ham & Pineapple Family Pizza,500g,N/A,$8.50,$1.70 per 100g,https://foodlandbalaklava.com.au//lines/mcc-pizza-ham-pineapple-500gm
Foodland Balaklava,2025-05-04 23:54:30,Mccain Lil' Pizzas Mini Ham & Pineapple 4 Pack,400g,was $7.80,$7.20,$1.80 per 100g,https://foodlandbalaklava.com.au//lines/mcc-pizza-ham-pine-sngl-400gm
Foodland Balaklava,2025-05-04 23:54:30,Mccain Peas,500g,N/A,$3.30,$6.60 per kg,https://foodlandbalaklava.com.au//lines/mcc-peas-500gm
Foodland Balaklava,2025-05-04 23:54:30,Mccain Shredded Hash Browns,750g,N/A,$5.80,$7.73 per kg,https://foodlandbalaklava.com.au//lines/mcc-hash-browns-shrdd-750gm
Foodland Balaklava,2025-05-04 23:54:30,Mission Original Mini Wraps,284g,was $5.80,$5.00,$1.30 per 100g,https://foodlandbalaklava.com.au//lines/mission-wraps-mini-orig-8pk
Foodland Balaklava,2025-05-04 23:54:30,Mission Wraps Wholegrain 8pk,N/A,was $5.80,$4.50,$0.79 per 100g,https://foodlandbalaklava.com.au//lines/mission-wraps-wholegrain-8pk
Foodland Balaklava,2025-05-04 23:54:30,Mitolo Mashing Potatoes,1.5kg,was $5.90,$4.00,$2.67 per kg,https://foodlandbalaklava.com.au//lines/potatoes-mitolo-mashing-1-5kg
Foodland Balaklava,2025-05-04 23:54:30,Moccona Classic Medium Roast Freeze Dried Instant Coffee,400g,N/A,$32.50,$8.12 per 100g,https://foodlandbalaklava.com.au//lines/mocc-coff-f-dry-classic-400gm
Foodland Balaklava,2025-05-04 23:54:30,Nudie Nothing But Orange Juice With Pulp,2L,was $9.99,$8.25,$4.12 per L,https://foodlandbalaklava.com.au//lines/nudie-nothing-orange-2lt
Foodland Balaklava,2025-05-04 23:54:30,NUTTELEX BUTTERY,1kg,was $9.45,$8.00,$0.80 per 100g,https://foodlandbalaklava.com.au//lines/nuttlx-buttery-1kg
Foodland Balaklava,2025-05-04 23:54:30,Nyal Ibuprofen 24 Tablets,N/A,was $5.25,$4.00,$0.17 Each,https://foodlandbalaklava.com.au//lines/nyal-ibuprofen-tablets-24s
Foodland Balaklava,2025-05-04 23:54:30,Old El Paso Tortilla Kit Soft Taco,405g,N/A,$8.95,$2.21 per 100g,https://foodlandbalaklava.com.au//lines/o-e-paso-taco-soft-kit-405gm-2
Foodland Balaklava,2025-05-04 23:54:30,Pauls Kids Banana Yoghurt Pouch,70g,N/A,$1.20,$1.71 per 100g,https://foodlandbalaklava.com.au//lines/pauls-ygt-sqz-kid-ban-70gm
Foodland Balaklava,2025-05-04 23:54:30,Pauls Kids Bluey Vanilla Custard Pouch,70g,was $2.00,$1.50,$2.14 per 100g,https://foodlandbalaklava.com.au//lines/pauls-custard-vanilla-70gm
Foodland Balaklava,2025-05-04 23:54:30,Pauls Zymil Longlife Low Fat Milk,1L,N/A,$3.00,$3.00 per L,https://foodlandbalaklava.com.au//lines/pauls-milk-zymil-lact-fr-uht1l
Foodland Balaklava,2025-05-04 23:54:30,Peculiar Pick Plums,1kg,N/A,$6.99,$6.99 per kg,https://foodlandbalaklava.com.au//lines/peculiar-pick-plums-1kg
Foodland Balaklava,2025-05-04 23:54:30,Peters I/​Crm Orig Vanilla,4L,was $11.45,$10.30,$0.26 per 100mL,https://foodlandbalaklava.com.au//lines/peters-i-crm-orig-vanilla-4l-1
Foodland Balaklava,2025-05-04 23:54:30,Peters Original Rainbow Ice Cream,2L,N/A,$5.50,$0.28 per 100mL,https://foodlandbalaklava.com.au//lines/peters-i-crm-orig-rainbow-2l
Foodland Balaklava,2025-05-04 23:54:30,Poise Pads For Bladder Leaks Extra 12 Pack,N/A,N/A,$7.30,$0.61 Each,https://foodlandbalaklava.com.au//lines/poise-pads-extra-adultcare-12s
Foodland Balaklava,2025-05-04 23:54:30,Poise Pads For Bladder Leaks Overnight 8 Pack,N/A,N/A,$7.30,$0.91 Each,https://foodlandbalaklava.com.au//lines/poise-pads-overnight-8s
Foodland Balaklava,2025-05-04 23:54:30,Powerade Berry Ice,600mL,was $4.60,$3.55,$5.92 per L,https://foodlandbalaklava.com.au//lines/powerade-bry-ice-sip-cap600ml
Foodland Balaklava,2025-05-04 23:54:30,Praise Everyday Thousand Island Dressing,330mL,was $3.80,$3.00,$0.91 per 100mL,https://foodlandbalaklava.com.au//lines/praise-drs-1000-island-330ml
Foodland Balaklava,2025-05-04 23:54:30,Purina Fancy Feast Whitefish & Tuna In Gravy,6 x 85g,was $8.95,$6.20,$1.22 per 100g,https://foodlandbalaklava.com.au//lines/purina-f-fst-gril-wfsh-tn6x85g
Foodland Balaklava,2025-05-04 23:54:30,Quilton Toilet Roll White 3ply 36pk,N/A,N/A,$24.05,$0.37 per 100 Sheets,https://foodlandbalaklava.com.au//lines/quilton-t-roll-3ply-white-36pk
Foodland Balaklava,2025-05-04 23:54:30,Ritz Original Crackers,227g,N/A,$3.70,$1.63 per 100g,https://foodlandbalaklava.com.au//lines/ritz-cracker-original-227gm
Foodland Balaklava,2025-05-04 23:54:30,Safcol Responsibly Fished Tuna In Springwater,425g,N/A,$4.65,$10.94 per kg,https://foodlandbalaklava.com.au//lines/safcol-tuna-r-fshd-s-wtr-425gm
Foodland Balaklava,2025-05-04 23:54:30,Schweppes Lemonade Soft Drink Bottle,1.1L,was $3.20,$1.80,$1.64 per L,https://foodlandbalaklava.com.au//lines/schw-lemonade-1-1l
Foodland Balaklava,2025-05-04 23:54:30,Schweppes Soda Water Bottle Classic Mixers,1.1L,was $3.00,$1.80,$1.64 per L,https://foodlandbalaklava.com.au//lines/schw-soda-wtr-1-1l
Foodland Balaklava,2025-05-04 23:54:30,Suprima Hcb Trad Fruit 6pk,480g,N/A,$5.10,$1.06 per 100g,https://foodlandbalaklava.com.au//lines/suprima-hcb-trad-fruit-6pk-480gm-1
Foodland Balaklava,2025-05-04 23:54:30,Sweetcorn Per Each,N/A,was $1.90,$1.55,N/A,https://foodlandbalaklava.com.au//lines/sweetcorn-per-each-1
Foodland Balaklava,2025-05-04 23:54:30,Tasty Toobs Tangy Snack Party Sized Share Pack,150g,N/A,$4.00,$2.67 per 100g,https://foodlandbalaklava.com.au//lines/toobs-150gm
Foodland Balaklava,2025-05-04 23:54:31,The Natural Confectionery Co. Party Mix,430g,N/A,$5.50,$1.28 per 100g,https://foodlandbalaklava.com.au//lines/nat-conf-party-mix-430gm
Foodland Balaklava,2025-05-04 23:54:31,Thins Chip Chse&​Onion,175g,was $5.25,$3.50,$2.00 per 100g,https://foodlandbalaklava.com.au//lines/thins-chip-chse-onion-175gm
Foodland Balaklava,2025-05-04 23:54:31,Thomas Cappo Seafoods Skinless Atlantic Salmon,500g,was $26.50,$20.50,$41.00 per kg,https://foodlandbalaklava.com.au//lines/tc-a-salmon-portion-s-off-500g
Foodland Balaklava,2025-05-04 23:54:31,Trident Dates Pitted,500g,N/A,$4.15,$8.30 per kg,https://foodlandbalaklava.com.au//lines/trident-dates-500gm
Foodland Balaklava,2025-05-04 23:54:31,Vaalia Probiotic Luscious Berries Yoghurt,900g,N/A,$5.50,$0.61 per 100g,https://foodlandbalaklava.com.au//lines/vaalia-ygt-l-f-lusc-bry-900gm
Foodland Balaklava,2025-05-04 23:54:31,Vilis Donut Cinnamon,90g,N/A,$3.10,$3.44 per 100g,https://foodlandbalaklava.com.au//lines/vilis-donut-cinnamon-90gm
Foodland Balaklava,2025-05-04 23:54:31,Wicked Sister Creme Caramel,2 x 150g,was $5.15,$4.55,$1.52 per 100g,https://foodlandbalaklava.com.au//lines/wick-sist-creme-caramel-2x150gm
Foodland Balaklava,2025-05-04 23:54:31,Yoplait Mango Yoghurt,1kg,N/A,$4.75,$0.48 per 100g,https://foodlandbalaklava.com.au//lines/yop-ygt-mango-1kg
Foodland Balaklava,2025-05-04 23:54:31,Yp Crumbed Beef Schnitzel Rw,N/A,N/A,$16.09,$22.99 per kg,https://foodlandbalaklava.com.au//lines/yp-crumbed-beef-schnitzel-rw-1
Foodland Balaklava,2025-05-04 23:54:31,Yp Crumbed Chicken Schnitzel Bulk Rw,N/A,N/A,$25.99,$19.99 per kg,https://foodlandbalaklava.com.au//lines/yp-crumbed-chicken-schnitzel-bulk-rw-2
Foodland Balaklava,2025-05-04 23:54:31,Yp Lamb Loin Chops Bulk Rw,N/A,N/A,$31.99,$31.99 per kg,https://foodlandbalaklava.com.au//lines/yp-lamb-loin-chops-bulk-rw-2
Foodland Balaklava,2025-05-04 23:54:31,Zoosh Skip A Beat Sour Cream & Chives Creamy Dreamy Dip,185g,was $3.70,$2.50,$1.35 per 100g,https://foodlandbalaklava.com.au//lines/zoosh-dip-sour-crm-chive-185gm
Foodland Balaklava,2025-05-04 23:54:31,Abbott's Village Bakery Harvest Seeds & Grains,750g,was $6.50,$5.00,$0.67 per 100g,https://foodlandbalaklava.com.au//lines/abbotts-brd-seeds-grains-750gm
Foodland Balaklava,2025-05-04 23:54:31,Ardmona Diced Vine Ripened Tomatoes,400g,N/A,$2.10,$5.25 per kg,https://foodlandbalaklava.com.au//lines/ard-tomatoes-diced-v-ripe400gm
Foodland Balaklava,2025-05-04 23:54:31,Balf Roll Spinach Cheese C/​Wrap,150g,was $4.00,$3.40,$2.27 per 100g,https://foodlandbalaklava.com.au//lines/balf-roll-spn-chs-c-wrap-150gm
Foodland Balaklava,2025-05-04 23:54:31,Balfours Fresh Giant Sausage Roll,150g,was $4.00,$3.40,$2.27 per 100g,https://foodlandbalaklava.com.au//lines/balf-saus-roll-giant-150gm
Foodland Balaklava,2025-05-04 23:54:31,Balfours Frozen Party Pies,600g,N/A,$10.50,$1.75 per 100g,https://foodlandbalaklava.com.au//lines/balf-pies-party-12s-600gm
Foodland Balaklava,2025-05-04 23:54:31,Band-Aid Tough Strips 40 Pack,N/A,was $5.80,$4.95,$0.12 Each,https://foodlandbalaklava.com.au//lines/bandaid-tough-strips-reg-40s
Foodland Balaklava,2025-05-04 23:54:31,Barossa Fine Foods Baby Bung Fritz,400g,N/A,$6.99,N/A,https://foodlandbalaklava.com.au//lines/barossa-fritz-baby-bung-400gm
Foodland Balaklava,2025-05-04 23:54:31,Bega Cheese Lactose Free Tasty Slices,250g,was $7.90,$6.50,$26.00 per kg,https://foodlandbalaklava.com.au//lines/bega-chs-nat-lact-fr-slc-250gm
Foodland Balaklava,2025-05-04 23:54:31,Bega Peanut Butter Smooth,755g,N/A,$7.40,$0.98 per 100g,https://foodlandbalaklava.com.au//lines/bega-peanut-btr-smth-755gm
Foodland Balaklava,2025-05-04 23:54:31,Bega Stringers Original 12 Pack,240g,N/A,$9.65,$40.21 per kg,https://foodlandbalaklava.com.au//lines/bega-chse-strng-12stk-pk-240gm
Foodland Balaklava,2025-05-04 23:54:31,Bellis Sch/​Bar Apricot,160g,N/A,$3.90,$2.44 per 100g,https://foodlandbalaklava.com.au//lines/bellis-sch-bar-apricot-160gm
Foodland Balaklava,2025-05-04 23:54:31,Birds Eye Birdseye Deli Whiting Clb,250g,N/A,$10.00,$40.00 per kg,https://foodlandbalaklava.com.au//lines/b-eye-fish-deli-whit-bat-250gm
Foodland Balaklava,2025-05-04 23:54:31,Birds Eye Golden Crunch Chips,900g,N/A,$6.10,$6.78 per kg,https://foodlandbalaklava.com.au//lines/b-eye-chips-gldn-crnch-900gm
Foodland Balaklava,2025-05-04 23:54:31,Birds Eye Golden Crunch Hash Browns,800g,N/A,$5.80,$7.25 per kg,https://foodlandbalaklava.com.au//lines/b-eye-hash-browns-800gm
Foodland Balaklava,2025-05-04 23:54:31,Birds Eye Mashed Potato,800g,N/A,$6.85,$8.56 per kg,https://foodlandbalaklava.com.au//lines/b-eye-potato-mashed-800gm
Foodland Balaklava,2025-05-04 23:54:31,Black & Gold Biscuit Milk Arrowroot,250g,N/A,$1.50,$0.60 per 100g,https://foodlandbalaklava.com.au//lines/b-gold-bisc-mlk-arrowroot250gm
Foodland Balaklava,2025-05-04 23:54:31,Black & Gold Chicken Nuggets,500g,N/A,$3.50,$0.70 per 100g,https://foodlandbalaklava.com.au//lines/b-gold-chicken-nuggets-500gm
Foodland Balaklava,2025-05-04 23:54:31,Black & Gold Choc Chip Bits,250g,N/A,$3.50,$1.40 per 100g,https://foodlandbalaklava.com.au//lines/b-gold-choc-chip-bits-250gm
Foodland Balaklava,2025-05-04 23:54:31,Black & Gold Milk Skim UHT,1L,was $1.60,$1.50,$1.50 per L,https://foodlandbalaklava.com.au//lines/b-gold-milk-skim-uht-1l
Foodland Balaklava,2025-05-04 23:54:31,Black & Gold Raw Sugar,2kg,N/A,$3.20,$0.16 per 100g,https://foodlandbalaklava.com.au//lines/b-gold-raw-sugar-2kg
Foodland Balaklava,2025-05-04 23:54:31,Black & Gold Sardines In Vegetable Oil,125g,N/A,$1.00,$8.00 per kg,https://foodlandbalaklava.com.au//lines/b-gold-sardines-in-oil-125gm
Foodland Balaklava,2025-05-04 23:54:31,Black & Gold Sweetened Condensed Milk,397g,N/A,$2.20,$5.54 per kg,https://foodlandbalaklava.com.au//lines/b-gold-milk-cond-swt-397gm
Foodland Balaklava,2025-05-04 23:54:31,Black & Gold Tuna Chunk Brine,425g,N/A,$3.30,$7.76 per kg,https://foodlandbalaklava.com.au//lines/b-gold-tuna-chunk-brine-425gm
Foodland Balaklava,2025-05-04 23:54:31,Black And Gold Monounsaturated Spread,1kg,N/A,$3.20,$0.32 per 100g,https://foodlandbalaklava.com.au//lines/b-gold-spread-mono-1kg-1
Foodland Balaklava,2025-05-04 23:54:31,Cabbage Quarter,N/A,was $1.50,$1.15,N/A,https://foodlandbalaklava.com.au//lines/cabbage-quarter-2
Foodland Balaklava,2025-05-04 23:54:31,Cadbury Caramilk Bar,45g,was $2.65,$2.05,$4.56 per 100g,https://foodlandbalaklava.com.au//lines/cadbury-choc-caramilk-45gm
Foodland Balaklava,2025-05-04 23:54:31,Cadbury Dairy Milk Chocolate Fruit & Nut Large Block,360g,N/A,$8.50,$2.36 per 100g,https://foodlandbalaklava.com.au//lines/cad-choc-fruit-nut-360gm
Foodland Balaklava,2025-05-04 23:54:31,Cadbury Dairy Milk Chocolate Hollow Easter Eggs,187g,was $10.00,$7.20,$3.85 per 100g,https://foodlandbalaklava.com.au//lines/cad-egg-d-milk-f-t-cartn-187gm
Foodland Balaklava,2025-05-04 23:54:31,Cadbury Dairy Milk Freddo Milk Chocolate Sharepack,144g,was $7.00,$6.20,$4.31 per 100g,https://foodlandbalaklava.com.au//lines/cad-freddo-d-milk-shr-pk-144gm
Foodland Balaklava,2025-05-04 23:54:31,Cadbury Dairy Milk Milk Chocolate Block,180g,was $8.00,$5.50,$3.06 per 100g,https://foodlandbalaklava.com.au//lines/cad-choc-dairy-milk-f-t-180gm
Foodland Balaklava,2025-05-04 23:54:31,Cadbury Dairy Milk Top Deck Milk Chocolate Block,180g,was $8.00,$5.50,$3.06 per 100g,https://foodlandbalaklava.com.au//lines/cad-choc-top-deck-180gm
Foodland Balaklava,2025-05-04 23:54:31,Cadbury Flake,30g,was $2.65,$2.05,$6.83 per 100g,https://foodlandbalaklava.com.au//lines/cad-flake-2503-30gm
Foodland Balaklava,2025-05-04 23:54:31,Cadbury Picnic,46g,was $2.65,$2.05,$4.46 per 100g,https://foodlandbalaklava.com.au//lines/cad-choc-picnic-med-46gm
Foodland Balaklava,2025-05-04 23:54:31,Cadbury Twirl,39g,was $2.65,$2.05,$5.26 per 100g,https://foodlandbalaklava.com.au//lines/cad-choc-twirl-med-39gm
Foodland Balaklava,2025-05-04 23:54:31,Carman's Protein Bars Salted Caramel Nut Butter,200g,N/A,$8.30,$4.15 per 100g,https://foodlandbalaklava.com.au//lines/carmans-pro-bar-slt-carm-200gm-1
Foodland Balaklava,2025-05-04 23:54:31,"Carman's Roasted Nut Bars Greek Style Yoghurt, Blueberry & Cashew",160g,N/A,$7.90,$4.94 per 100g,https://foodlandbalaklava.com.au//lines/carmans-n-bar-yog-bluebry160gm
Foodland Balaklava,2025-05-04 23:54:33,Cheezels,190g,N/A,$4.00,$2.11 per 100g,https://foodlandbalaklava.com.au//lines/cheezels-single-1289-190gm
Foodland Balaklava,2025-05-04 23:54:33,Chicken Steaks Garlic Herb,N/A,N/A,$17.99,N/A,https://foodlandbalaklava.com.au//lines/chicken-steaks-garlic-herb
Foodland Balaklava,2025-05-04 23:54:33,Chicken Supreme Inghams,N/A,N/A,$21.99,N/A,https://foodlandbalaklava.com.au//lines/chicken-supreme-inghams
Foodland Balaklava,2025-05-04 23:54:33,"Colgate Triple Action Toothpaste, , Original Mint, With Extra Micro Cleaning Minerals",160g,was $4.30,$3.40,$2.12 per 100g,https://foodlandbalaklava.com.au//lines/colg-t-paste-trple-action160gm
Foodland Balaklava,2025-05-04 23:54:33,Community Co Pear Halves,410g,N/A,$2.15,$5.24 per kg,https://foodlandbalaklava.com.au//lines/comm-co-pear-hlvs-in-jce-410gm
Foodland Balaklava,2025-05-04 23:54:33,Community Co Pizza Bases 2pk,N/A,N/A,$5.35,$0.89 per 100g,https://foodlandbalaklava.com.au//lines/comm-co-pza-bse-2pk-600gm
Foodland Balaklava,2025-05-04 23:54:34,Community Co Soy Milk,1L,N/A,$2.00,$2.00 per L,https://foodlandbalaklava.com.au//lines/comm-co-milk-soy-1l
Foodland Balaklava,2025-05-04 23:54:34,Community Co Taco Seasoning,35g,N/A,$1.45,$4.14 per 100g,https://foodlandbalaklava.com.au//lines/comm-co-taco-seasoning-35gm
Foodland Balaklava,2025-05-04 23:54:34,Community Co. Basmati Rice,1kg,N/A,$4.00,$0.40 per 100g,https://foodlandbalaklava.com.au//lines/comm-co-rice-basmati-1kg
Foodland Balaklava,2025-05-04 23:54:34,Community Co. Honey,500g,N/A,$8.15,$1.63 per 100g,https://foodlandbalaklava.com.au//lines/comm-co-honey-ud-500gm
Foodland Balaklava,2025-05-04 23:54:34,Community Co. Traditional Mayonnaise,500mL,N/A,$4.25,$0.85 per 100mL,https://foodlandbalaklava.com.au//lines/comm-co-mayo-trad-500ml
Foodland Balaklava,2025-05-04 23:54:34,D/​Bakery Damper Rolls 6pk,N/A,N/A,$6.20,$6.20 per 100g,https://foodlandbalaklava.com.au//lines/b-cup-damper-rolls-6pk-1
Foodland Balaklava,2025-05-04 23:54:34,Dairy Farmers Chocolate Milk,600mL,was $3.90,$2.90,$4.83 per L,https://foodlandbalaklava.com.au//lines/classic-milk-chocolate-600ml-1
Foodland Balaklava,2025-05-04 23:54:34,Darrell Lea Milk Chocolate Orange Crunchy Balls,168g,was $6.30,$5.70,$3.39 per 100g,https://foodlandbalaklava.com.au//lines/darrell-lea-ch-ball-orng-168gm
Foodland Balaklava,2025-05-04 23:54:34,Days Eggs King Size Sa Free Range Eggs,N/A,N/A,$6.20,$0.89 per 100g,https://foodlandbalaklava.com.au//lines/days-king-sz-fr-range-eggs-700g
Foodland Balaklava,2025-05-04 23:54:34,Don Double Smoked Shaved Ham,400g,was $11.80,$9.30,$23.25 per kg,https://foodlandbalaklava.com.au//lines/don-ham-double-smoked-400gm
Foodland Balaklava,2025-05-04 23:54:34,Doritos Original Salted Corn Chips Share Pack,170g,was $5.00,$3.60,$2.12 per 100g,https://foodlandbalaklava.com.au//lines/doritos-c-chip-original-170gm
Foodland Balaklava,2025-05-04 23:54:34,Dorsogna Virginian Leg Ham Sliced,400g,was $10.00,$7.70,$19.25 per kg,https://foodlandbalaklava.com.au//lines/dors-virg-leg-ham-sliced-400gm
Foodland Balaklava,2025-05-04 23:54:34,Edgell Kidney Beans Red,400g,was $2.30,$1.95,$4.88 per kg,https://foodlandbalaklava.com.au//lines/edg-kidney-beans-red-400gm
Foodland Balaklava,2025-05-04 23:54:34,Fantastic Fresh Noodles Hokkien Thin,450g,was $3.60,$3.10,$0.69 per 100g,https://foodlandbalaklava.com.au//lines/fantas-frs-ndl-hokn-thin-450gm
Foodland Balaklava,2025-05-04 23:54:34,Farmers Union Greek Style Yogurt,1kg,N/A,$6.50,$0.65 per 100g,https://foodlandbalaklava.com.au//lines/farm-union-ygt-greek-styl-1kg
Foodland Balaklava,2025-05-04 23:54:34,Felix Sensations Jellies Fish Selection Wet Cat Food,24 x 85g,N/A,$21.50,$1.05 per 100g,https://foodlandbalaklava.com.au//lines/purina-felix-j-sen-fish24x85gm
Foodland Balaklava,2025-05-04 23:54:34,Foodland Dry Ginger Ale,1.25L,was $1.75,$1.50,$1.20 per L,https://foodlandbalaklava.com.au//lines/f-land-dry-ginger-ale-1-25l
Foodland Balaklava,2025-05-04 23:54:34,Fresh Pizza Small Supreme,N/A,N/A,$5.99,N/A,https://foodlandbalaklava.com.au//lines/fresh-pizza-small-supreme-1
Foodland Balaklava,2025-05-04 23:54:34,Gfresh Garlic Powder,100g,N/A,$4.20,$0.47 per 10g,https://foodlandbalaklava.com.au//lines/gfresh-garlic-powder-100gm
Foodland Balaklava,2025-05-04 23:54:34,Ginger Per Kg,N/A,N/A,$49.90,N/A,https://foodlandbalaklava.com.au//lines/ginger-per-kg
Foodland Balaklava,2025-05-04 23:54:34,Glad Bake & Cooking Paper,25m,N/A,$6.30,$0.03 per cm,https://foodlandbalaklava.com.au//lines/glad-bake-cook-paper-30cmx25m
Foodland Balaklava,2025-05-04 23:54:34,Glad BBQ Trays 4pk 4pk,N/A,N/A,$6.30,$1.58 Each,https://foodlandbalaklava.com.au//lines/glad-tray-bbq-4s
Foodland Balaklava,2025-05-04 23:54:34,Golden Circle® Apple Blackcurrant Juice,2L,was $5.05,$3.90,$1.95 per L,https://foodlandbalaklava.com.au//lines/g-circ-jce-apl-blkcrnt-pet-2l
Foodland Balaklava,2025-05-04 23:54:34,Golden Circle® Apple Juice,2L,was $5.05,$3.90,$1.95 per L,https://foodlandbalaklava.com.au//lines/g-circ-jce-apple-pet-2l
Foodland Balaklava,2025-05-04 23:54:34,"Golden Circle® Apple, Mango & Banana Juice",2L,was $5.05,$3.90,$1.95 per L,https://foodlandbalaklava.com.au//lines/g-circ-jce-app-man-ban-pet-2l
Foodland Balaklava,2025-05-04 23:54:34,Gravox® Roast Meat Gravy Mix,120g,was $5.25,$4.00,$0.33 per 10g,https://foodlandbalaklava.com.au//lines/gravox-grvy-can-rst-meat-120gm
Foodland Balaklava,2025-05-04 23:54:34,Griffs Sweet And Sour Pork,400g,N/A,$6.30,$1.58 per 100g,https://foodlandbalaklava.com.au//lines/griffs-swt-sour-pork-400gm
Foodland Balaklava,2025-05-04 23:54:34,Gsb Finger Buns 6pk,N/A,N/A,$8.99,$1.07 per 100g,https://foodlandbalaklava.com.au//lines/gsb-finger-buns-6pk
Foodland Balaklava,2025-05-04 23:54:34,Heinz® [​Seriously] Good™ Garlic Aioli,500mL,was $8.70,$8.10,$1.62 per 100mL,https://foodlandbalaklava.com.au//lines/hnz-aioli-sg-sqz-500ml
Foodland Balaklava,2025-05-04 23:54:34,Helgas Bread Traditional White,750g,was $6.55,$5.00,$0.67 per 100g,https://foodlandbalaklava.com.au//lines/helga-brd-trad-white-750gm
Foodland Balaklava,2025-05-04 23:54:34,Huggies Thick Baby Wipes Coconut Oil 80 Pack,N/A,was $5.90,$3.00,$3.75 Units100,https://foodlandbalaklava.com.au//lines/huggies-b-wipe-c-nut-u-s-80s
Foodland Balaklava,2025-05-04 23:54:34,Indomie Noodles Mi Goreng 5 Pack X,85g,N/A,$3.95,$0.93 per 100g,https://foodlandbalaklava.com.au//lines/indomie-ins-ndl-fried-5x85gm-1
Foodland Balaklava,2025-05-04 23:54:34,Ingham's Chicken Roll,250g,N/A,$4.10,$16.40 per kg,https://foodlandbalaklava.com.au//lines/ingham-chicken-roll-250gm
Foodland Balaklava,2025-05-04 23:54:34,Ingham's Two Premium Chicken Breast Kyivs Garlic Butter,350g,was $13.15,$11.50,$32.86 per kg,https://foodlandbalaklava.com.au//lines/ingham-chc-garl-btr-kiev-350gm
Foodland Balaklava,2025-05-04 23:54:34,International Roast Instant Coffee,500g,N/A,$15.50,$3.10 per 100g,https://foodlandbalaklava.com.au//lines/i-roast-coffee-500gm
Foodland Balaklava,2025-05-04 23:54:34,Jumpys Chicken Chips 5pk,N/A,was $4.75,$3.50,$3.89 per 100g,https://foodlandbalaklava.com.au//lines/jumpys-chicken-mp5-90gm
Foodland Balaklava,2025-05-04 23:54:34,Kleenex Eucalyptus 3 Ply Facial Tissues 95 Pack,N/A,was $3.15,$2.60,$2.74 Units100,https://foodlandbalaklava.com.au//lines/klnx-tissue-spe-care-euc-95s
Foodland Balaklava,2025-05-04 23:54:34,Krc Ol Smokey Franks 8in,2.5kg,N/A,$35.00,N/A,https://foodlandbalaklava.com.au//lines/krc-ol-smokey-franks-8-2-5kg
Foodland Balaklava,2025-05-04 23:54:34,Laucke Wallaby Bakers Flour,5kg,was $14.70,$13.00,$2.60 per kg,https://foodlandbalaklava.com.au//lines/laucke-wallaby-bkrs-flour-5kg
Foodland Balaklava,2025-05-04 23:54:34,Leeks Per Each,N/A,N/A,$2.60,N/A,https://foodlandbalaklava.com.au//lines/leeks-per-each-1
Foodland Balaklava,2025-05-04 23:54:34,Local Kitchen Pasta Salad,800g,N/A,$7.30,$9.12 per kg,https://foodlandbalaklava.com.au//lines/lk-pasta-salad-800g
Foodland Balaklava,2025-05-04 23:54:34,Mars Milk Chocolate Bar Caramel Nougat,47g,was $2.65,$1.25,$2.66 per 100g,https://foodlandbalaklava.com.au//lines/mars-bar-47gm
Foodland Balaklava,2025-05-04 23:54:35,Masterfoods Masterfood Butter Chicken Cooking Sauce,485g,was $5.15,$4.50,$0.93 per 100g,https://foodlandbalaklava.com.au//lines/mf-sce-sim-butter-chicken485gm
Foodland Balaklava,2025-05-04 23:54:35,"Masterfoods Soy, Honey & Garlic Marinade",375g,N/A,$3.60,$0.96 per 100g,https://foodlandbalaklava.com.au//lines/mf-marinade-hny-soy-gar-375gm
Foodland Balaklava,2025-05-04 23:54:35,Mitolo Low Carb Potatoes,1.5kg,was $5.90,$4.00,$2.67 per kg,https://foodlandbalaklava.com.au//lines/potatoes-mitolo-low-carb-1-5kg-1
Foodland Balaklava,2025-05-04 23:54:35,Mother Earth Baked Oat Slices Chocolate Oats,240g,N/A,$3.30,$1.38 per 100g,https://foodlandbalaklava.com.au//lines/m-earth-b-oat-bar-choc-240gm
Foodland Balaklava,2025-05-04 23:54:35,Mother Earth Baked Oaty Slices Raspberry Chocolate,240g,N/A,$3.30,$1.38 per 100g,https://foodlandbalaklava.com.au//lines/m-earth-b-oat-bar-rbry-wht240g
Foodland Balaklava,2025-05-04 23:54:35,Nescafe Coffee Mixes Cappuccino + 7g,26 x 12.5g,N/A,$11.00,$3.31 per 100g,https://foodlandbalaklava.com.au//lines/nescafe-menu-cappucino-26pk
Foodland Balaklava,2025-05-04 23:54:35,Nescafe Mocha Coffee Sachets 26 Pack,468g,N/A,$11.00,$2.35 per 100g,https://foodlandbalaklava.com.au//lines/nescafe-menu-coff-mocha-26pk
Foodland Balaklava,2025-05-04 23:54:35,Nestle Aero Peppermint Chocolate Bar,40g,was $2.65,$1.25,$3.12 per 100g,https://foodlandbalaklava.com.au//lines/nes-choc-aero-p-mint-40gm
Foodland Balaklava,2025-05-04 23:54:35,Nice & Natural Protein Whole Seed Bars Cranberry & Raspberry 5pk,150g,was $6.85,$5.00,$3.33 per 100g,https://foodlandbalaklava.com.au//lines/nice-nat-p-bar-crnbry-rsp150gm
Foodland Balaklava,2025-05-04 23:54:35,Nocelle Almonds Raw,500g,N/A,$10.99,$2.20 per 100g,https://foodlandbalaklava.com.au//lines/nocelle-almonds-raw-500gm
Foodland Balaklava,2025-05-04 23:54:35,Obela Hommus Roasted Pine Nut Garnished,220g,was $5.80,$4.90,$2.23 per 100g,https://foodlandbalaklava.com.au//lines/obela-hommus-rst-pine-nut220gm
Foodland Balaklava,2025-05-04 23:54:35,Old El Paso Jumbo Taco Shells,190g,N/A,$5.80,$3.05 per 100g,https://foodlandbalaklava.com.au//lines/o-e-paso-taco-shells-jumbo-10s
Foodland Balaklava,2025-05-04 23:54:35,Olgas Chicken Patties,500g,N/A,$7.00,$1.40 per 100g,https://foodlandbalaklava.com.au//lines/olgas-patties-chic-veg-500gm-1
Foodland Balaklava,2025-05-04 23:54:35,Pascall Jubes Lollies,300g,was $5.25,$4.65,$1.55 per 100g,https://foodlandbalaklava.com.au//lines/pas-jubes-300gm
Foodland Balaklava,2025-05-04 23:54:35,Pauls Vanilla Custard,1kg,N/A,$5.25,$0.52 per 100g,https://foodlandbalaklava.com.au//lines/pauls-custard-vanilla-1kg
Foodland Balaklava,2025-05-04 23:54:35,Perfect Italiano Parmesan Grated,250g,was $7.05,$6.40,$25.60 per kg,https://foodlandbalaklava.com.au//lines/perfect-chse-parm-shred-250gm
Foodland Balaklava,2025-05-04 23:54:35,Philadelphia Original Cream Cheese Block,250g,N/A,$5.70,$22.80 per kg,https://foodlandbalaklava.com.au//lines/philly-reg-block-250gm
Foodland Balaklava,2025-05-04 23:54:35,Praise Traditional 99% Fat Free Mayonnaise,555g,N/A,$4.50,$0.81 per 100mL,https://foodlandbalaklava.com.au//lines/praise-mayo-sqz-99-ff-555gm
Foodland Balaklava,2025-05-04 23:54:35,Primo English Style Leg Ham,100g,was $4.15,$3.95,$39.50 per kg,https://foodlandbalaklava.com.au//lines/primo-ham-english-100gm
Foodland Balaklava,2025-05-04 23:54:35,Promite Spread,290g,N/A,$5.55,$1.91 per 100g,https://foodlandbalaklava.com.au//lines/mf-promite-290gm
Foodland Balaklava,2025-05-04 23:54:35,Pura Full Cream Milk,2L,was $5.10,$4.30,$2.15 per L,https://foodlandbalaklava.com.au//lines/pura-whole-milk-2l
Foodland Balaklava,2025-05-04 23:54:35,Safe Original Long Roll 400 Sheet 2ply Toilet Tissue 6pk,N/A,was $7.90,$5.00,$0.21 per 100 Sheets,https://foodlandbalaklava.com.au//lines/safe-t-roll-l-r-orig-2ply-6pk
Foodland Balaklava,2025-05-04 23:54:35,San Remo La Pasta Macaroni Cheese,120g,was $2.75,$2.00,$1.67 per 100g,https://foodlandbalaklava.com.au//lines/la-past-mac-chse-4srv-120gm
Foodland Balaklava,2025-05-04 23:54:35,San Remo No. 4 Thin Spaghetti,500g,N/A,$2.95,$0.59 per 100g,https://foodlandbalaklava.com.au//lines/s-remo-spaghetti-no4-500gm
Foodland Balaklava,2025-05-04 23:54:35,Slapes Sausage Mince,500g,N/A,$5.50,N/A,https://foodlandbalaklava.com.au//lines/slapes-sausage-mince-500gm-1
Foodland Balaklava,2025-05-04 23:54:35,Smith's Crinkle Cut Salt & Vinegar Potato Chips,45g,was $2.00,$1.50,$3.33 per 100g,https://foodlandbalaklava.com.au//lines/smiths-crinkl-slt-vin-45gm
Foodland Balaklava,2025-05-04 23:54:35,Smith's Potato Chips Snack Mix Variety Multipack,395g,N/A,$7.50,$1.90 per 100g,https://foodlandbalaklava.com.au//lines/smiths-snack-mix-20pk-395gm
Foodland Balaklava,2025-05-04 23:54:35,Sorbent Hypo-Allergenic Facial Tissue - 170 Pack,N/A,was $2.50,$2.00,$1.18 Units100,https://foodlandbalaklava.com.au//lines/sorbent-tiss-h-allergenic-170s
Foodland Balaklava,2025-05-04 23:54:35,Spc Crushed Tomatoes,400g,N/A,$1.80,$4.50 per kg,https://foodlandbalaklava.com.au//lines/spc-tomatoes-crushed-400gm
Foodland Balaklava,2025-05-04 23:54:35,Spinach Per Bunch,N/A,was $4.80,$3.90,N/A,https://foodlandbalaklava.com.au//lines/spinach-per-bunch
Foodland Balaklava,2025-05-04 23:54:35,Tetley Tea Cup Bags,100 x 2g,N/A,$5.80,$2.90 per 100g,https://foodlandbalaklava.com.au//lines/tetley-tea-cup-bags-s-100-x-2g
Foodland Balaklava,2025-05-04 23:54:35,Thins Chicken Chips,175g,was $5.25,$3.50,$2.00 per 100g,https://foodlandbalaklava.com.au//lines/thins-chip-chicken-175gm
Foodland Balaklava,2025-05-04 23:54:35,Tiptop Bakery Tip Top Gourmet Thin & Crispy Pizza Bases Wholemeal,440g,N/A,$6.60,$1.50 per 100g,https://foodlandbalaklava.com.au//lines/t-top-pza-base-whml-12in-2pk
Foodland Balaklava,2025-05-04 23:54:35,Tomato Grmt Tray,500g,N/A,$5.90,$11.80 per kg,https://foodlandbalaklava.com.au//lines/tomato-grmt-tray-500g-3
Foodland Balaklava,2025-05-04 23:54:35,Trident Rice Stick Noodles,250g,N/A,$2.85,$1.14 per 100g,https://foodlandbalaklava.com.au//lines/trident-ndle-rice-stick-250gm
Foodland Balaklava,2025-05-04 23:54:35,Twix Chocolate Bar With Biscuit & Caramel,50g,was $2.65,$1.25,$2.50 per 100g,https://foodlandbalaklava.com.au//lines/twix-twin-50gm
Foodland Balaklava,2025-05-04 23:54:35,Ultimate Yoghurt By Danone Luscious Blueberry,4 x 115g,was $6.05,$4.50,$0.98 per 100g,https://foodlandbalaklava.com.au//lines/ultimate-greek-lusc-bbry-4x115gm
Foodland Balaklava,2025-05-04 23:54:35,Ultimates Indulge Lamb Mince In Gravy Dog Food,400g,was $3.05,$2.65,$0.66 per 100g,https://foodlandbalaklava.com.au//lines/ultim-indulg-lmb-in-grvy-400gm
Foodland Balaklava,2025-05-04 23:54:35,Ultimates Indulge Mince Beef With Gravy Dog Food,400g,was $3.05,$2.65,$0.66 per 100g,https://foodlandbalaklava.com.au//lines/ultim-indulg-beef-gravy-400gm
Foodland Balaklava,2025-05-04 23:54:35,Uncle Tobys Fruity Bites Family Breakfast Cereal Wildberry,500g,N/A,$6.85,$1.37 per 100g,https://foodlandbalaklava.com.au//lines/u-toby-f-bites-wildberry-500gm
Foodland Balaklava,2025-05-04 23:54:35,V.​I.​P. Petfoods™ Protadog With Beef Steak Dinner Adult Dog Chilled Roll,3kg,was $9.75,$8.40,$0.28 per 100g,https://foodlandbalaklava.com.au//lines/prota-pak-beef-dinner-3kg
Foodland Balaklava,2025-05-04 23:54:35,Viva Paper Towels 6 Pack,N/A,N/A,$8.00,$2.22 per 100 Sheets,https://foodlandbalaklava.com.au//lines/viva-paper-towel-white-6pk
Foodland Balaklava,2025-05-04 23:54:35,Viva Select-A-Size Paper Towels 3 Pack,N/A,was $6.85,$5.00,$0.62 per 100 Sheets,https://foodlandbalaklava.com.au//lines/viva-towel-wht-selct-a-sze-3pk
Foodland Balaklava,2025-05-04 23:54:35,"Weis Ice Cream & Fruit Bar Macadamia, Mango & Ice Cream",280mL,N/A,$10.00,$3.57 per 100mL,https://foodlandbalaklava.com.au//lines/weis-bar-macad-mango-crm-pk4
Foodland Balaklava,2025-05-04 23:54:35,Western Star Cream Thickened,600mL,was $6.00,$4.50,$0.75 per 100mL,https://foodlandbalaklava.com.au//lines/w-star-cream-thickened-600ml
Foodland Balaklava,2025-05-04 23:54:35,Whiskas 1+ Years Adult Dry Cat Food With Chicken & Rabbit Bag,3kg,was $23.65,$17.50,$0.58 per 100g,https://foodlandbalaklava.com.au//lines/whiskas-adlt-chkn-rabt-3kg
Foodland Balaklava,2025-05-04 23:54:35,Yoghurt Shop Apple Crumble,180mL,N/A,$4.60,$2.42 per 100g,https://foodlandbalaklava.com.au//lines/yog-shop-apple-crumble-180ml
Foodland Balaklava,2025-05-04 23:54:35,Yoghurt Shop Honey Spice Granola,170g,N/A,$5.25,$3.09 per 100g,https://foodlandbalaklava.com.au//lines/y-shop-ygt-grk-hny-grnola170gm
Foodland Balaklava,2025-05-04 23:54:36,Yopro High Protein Mango Greek Yoghurt Pouch,150g,N/A,$3.15,$2.10 per 100g,https://foodlandbalaklava.com.au//lines/danone-yopro-ygt-mango-150gm
Foodland Balaklava,2025-05-04 23:54:36,Yp BBQ Sausages,N/A,N/A,$12.99,N/A,https://foodlandbalaklava.com.au//lines/yp-bbq-sausages
Foodland Balaklava,2025-05-04 23:54:36,Yp Economy Beef Mince,1kg,N/A,$17.99,N/A,https://foodlandbalaklava.com.au//lines/yp-economy-beef-mince-1kg-1
Foodland Balaklava,2025-05-04 23:54:36,Zafarelli Spirali No. 56,500g,N/A,$2.00,$0.40 per 100g,https://foodlandbalaklava.com.au//lines/zafarelli-no56-spirali-500gm
Foodland Balaklava,2025-05-04 23:54:36,A&​T Premium Seafood Salad Mix,500g,N/A,$5.00,$1.00 per 100g,https://foodlandbalaklava.com.au//lines/a-t-seafood-salad-mix-500gm
Foodland Balaklava,2025-05-04 23:54:36,Abbott's Bakery Country Grains Bread Loaf,800g,was $6.50,$5.00,$0.62 per 100g,https://foodlandbalaklava.com.au//lines/abbotts-bread-grain-vb-800gm
Foodland Balaklava,2025-05-04 23:54:36,Abbott's Bakery Farmhouse Wholemeal E,750g,was $6.50,$5.00,$0.67 per 100g,https://foodlandbalaklava.com.au//lines/abbotts-brd-wholemeal-750gm
Foodland Balaklava,2025-05-04 23:54:36,Allen's Killer Pythons Lollies Bag,192g,was $5.25,$3.50,$1.82 per 100g,https://foodlandbalaklava.com.au//lines/allens-killer-pythons-192gm
Foodland Balaklava,2025-05-04 23:54:36,Allen's Ripe Raspberries Lollies Bag,190g,was $5.25,$3.50,$1.84 per 100g,https://foodlandbalaklava.com.au//lines/allens-ripe-raspberries-190gm
Foodland Balaklava,2025-05-04 23:54:36,Allen's Snakes Alive Lollies Bag,200g,was $5.25,$3.50,$1.75 per 100g,https://foodlandbalaklava.com.au//lines/allens-snakes-alive-200gm
Foodland Balaklava,2025-05-04 23:54:36,Arnott's Cheese & Vegemite Shapes,165g,N/A,$4.00,$2.42 per 100g,https://foodlandbalaklava.com.au//lines/arn-shapes-vege-chse-165gm
Foodland Balaklava,2025-05-04 23:54:36,Arnott's Premier Chocolate Chip Cookies,310g,N/A,$6.30,$2.03 per 100g,https://foodlandbalaklava.com.au//lines/arn-choc-chip-cookie-prem310gm
Foodland Balaklava,2025-05-04 23:54:36,Arnott's Shapes Mini Chicken Crimpy,15g,N/A,$6.50,$1.73 per 100g,https://foodlandbalaklava.com.au//lines/arn-shapes-mini-chck-crmpy375g
Foodland Balaklava,2025-05-04 23:54:36,Aunt Bettys Steamy Puds Sticky Date,190g,N/A,$4.80,$2.53 per 100g,https://foodlandbalaklava.com.au//lines/aunt-betty-pudd-sticky-date-190g
Foodland Balaklava,2025-05-04 23:54:36,Bean Shoots Pre Pack,125g,N/A,$3.00,$24.00 per kg,https://foodlandbalaklava.com.au//lines/bean-shoots-pre-pack-125g
Foodland Balaklava,2025-05-04 23:54:36,Bega Country Light Tasty Natural Cheese Slices,250g,was $7.90,$5.50,$22.00 per kg,https://foodlandbalaklava.com.au//lines/bega-chse-chdr50-r-f-slc250gm
Foodland Balaklava,2025-05-04 23:54:36,Birds Eye Glden Crunch Crinkles Chips,900g,N/A,$6.10,$6.78 per kg,https://foodlandbalaklava.com.au//lines/b-eye-crinkle-gldn-crnch-900gm
Foodland Balaklava,2025-05-04 23:54:36,Birds Eye Salmon Cakes 6 With Vegetables & Herb,480g,N/A,$8.40,$17.50 per kg,https://foodlandbalaklava.com.au//lines/b-eye-salmon-cakes-w-veg-480gm
Foodland Balaklava,2025-05-04 23:54:36,Birds Eye Stir Fry Chinese,850g,was $5.80,$5.50,$6.47 per kg,https://foodlandbalaklava.com.au//lines/b-eye-stir-fry-chinese-850gm
Foodland Balaklava,2025-05-04 23:54:36,Black & Gold Apple Juice 2,N/A,N/A,$3.00,$1.50 per L,https://foodlandbalaklava.com.au//lines/b-gold-jce-apple-nas-100-2l
Foodland Balaklava,2025-05-04 23:54:36,Black & Gold Chicken Flavoured Noodles,5 x 85g,N/A,$2.00,$0.47 per 100g,https://foodlandbalaklava.com.au//lines/b-gold-noodles-chicken-5x85gm
Foodland Balaklava,2025-05-04 23:54:36,Black & Gold Chocolate Topping,600mL,N/A,$1.90,$0.32 per 100mL,https://foodlandbalaklava.com.au//lines/b-gold-topp-chocolate-600ml
Foodland Balaklava,2025-05-04 23:54:36,Black & Gold French Fries Potato Chips,1kg,N/A,$4.00,$4.00 per kg,https://foodlandbalaklava.com.au//lines/b-gold-french-fries-1kg
Foodland Balaklava,2025-05-04 23:54:36,Black & Gold Fritz,1kg,N/A,$5.00,$5.00 per kg,https://foodlandbalaklava.com.au//lines/b-gold-fritz-1kg
Foodland Balaklava,2025-05-04 23:54:36,Black & Gold Juice Lemon,500mL,N/A,$1.65,$0.33 per 100mL,https://foodlandbalaklava.com.au//lines/b-gold-jce-lemon-500ml
Foodland Balaklava,2025-05-04 23:54:36,Black & Gold Rolled Oats,750g,N/A,$1.70,$0.23 per 100g,https://foodlandbalaklava.com.au//lines/b-gold-oats-rolled-750gm
Foodland Balaklava,2025-05-04 23:54:36,Black & Gold White Sugar,3kg,N/A,$4.25,$0.14 per 100g,https://foodlandbalaklava.com.au//lines/b-gold-white-sugar-3kg
Foodland Balaklava,2025-05-04 23:54:36,Black And Gold Reduced Fat Shredded Cheese,500g,N/A,$8.30,$16.60 per kg,https://foodlandbalaklava.com.au//lines/b-gold-chse-tasty-shrd-rf500gm
Foodland Balaklava,2025-05-04 23:54:36,Blue Ribbon Frozen Dessert 97% Fat-Free Vanilla Dessert Tub Light^ Vanilla Made In Australia,2L,N/A,$6.50,$0.32 per 100mL,https://foodlandbalaklava.com.au//lines/str-b-ribbon-i-crm-van-lte-2l
Foodland Balaklava,2025-05-04 23:54:36,Bonsoy Milk - Original Soy,1L,N/A,$4.75,$4.75 per L,https://foodlandbalaklava.com.au//lines/bonsoy-milk-soy-original-1l
Foodland Balaklava,2025-05-04 23:54:36,Bulla Crunch Variety 8pk,N/A,N/A,$9.45,$1.37 per 100mL,https://foodlandbalaklava.com.au//lines/bulla-i-crm-crunch-var-pk-8s
Foodland Balaklava,2025-05-04 23:54:36,Bulla Ice Cream Vanilla,4L,was $14.70,$11.50,$0.29 per 100mL,https://foodlandbalaklava.com.au//lines/bulla-i-crm-vanilla-4l
Foodland Balaklava,2025-05-04 23:54:36,Bulla Icy Pops Raspberry Lemonade & Cola 10pk,N/A,N/A,$5.90,$0.84 per 100mL,https://foodlandbalaklava.com.au//lines/bulla-splits-rsby-cola-l-ade-10s
Foodland Balaklava,2025-05-04 23:54:36,Bulla Light Sour Cream,200mL,was $3.90,$3.70,$1.85 per 100mL,https://foodlandbalaklava.com.au//lines/bulla-cream-lgt-sour-cream-200ml
Foodland Balaklava,2025-05-04 23:54:36,Cabbage Half,N/A,was $3.00,$2.25,N/A,https://foodlandbalaklava.com.au//lines/cabbage-half-2
Foodland Balaklava,2025-05-04 23:54:36,Cadbury Dairy Milk Roast Almond Milk Chocolate Block,180g,was $8.00,$5.50,$3.06 per 100g,https://foodlandbalaklava.com.au//lines/cad-choc-rst-almond-180gm
Foodland Balaklava,2025-05-04 23:54:36,Cadbury Dream White Chocolate Bar,50g,was $2.65,$2.05,$4.10 per 100g,https://foodlandbalaklava.com.au//lines/cad-choc-dream-50gm
Foodland Balaklava,2025-05-04 23:54:36,Calippo Streets Mini Ice Block Ice Blocks Made With Real Fruit Juice Raspberry & Pineapple 99% Fat Free,575mL,N/A,$9.45,$1.64 per 100mL,https://foodlandbalaklava.com.au//lines/str-min-calippo-rspbry-pne-10s
Foodland Balaklava,2025-05-04 23:54:36,Campbell's Condensed Soup Cream Of Chicken,420g,N/A,$1.95,$0.46 per 100g,https://foodlandbalaklava.com.au//lines/camp-soup-crm-chicken-420gm
Foodland Balaklava,2025-05-04 23:54:36,Carman's Oat Slice Golden Oat & Coconut,175g,was $6.50,$4.75,$2.71 per 100g,https://foodlandbalaklava.com.au//lines/carmans-oat-slc-oat-c-nut175gm
Foodland Balaklava,2025-05-04 23:54:36,Carman's Protein Cookies & Cream Limited Edition,200g,N/A,$8.30,$4.15 per 100g,https://foodlandbalaklava.com.au//lines/carmans-pro-bar-ckie-crm-200gm
Foodland Balaklava,2025-05-04 23:54:36,Cheezel's Cheese Box,125g,was $3.70,$2.85,$2.28 per 100g,https://foodlandbalaklava.com.au//lines/cheezels-cheese-box-125gm
Foodland Balaklava,2025-05-04 23:54:36,Cheezels Multipack X 6,N/A,was $4.75,$3.50,$3.07 per 100g,https://foodlandbalaklava.com.au//lines/cheezels-mp6-114gm
Foodland Balaklava,2025-05-04 23:54:36,Chicken Kebabs Honey Soy,N/A,N/A,$1.99,$1.99 per kg,https://foodlandbalaklava.com.au//lines/chicken-kebabs-honey-soy
Foodland Balaklava,2025-05-04 23:54:36,Chicken Mince,500g,N/A,$10.00,$20.00 per kg,https://foodlandbalaklava.com.au//lines/inghams-chicken-mince-500gm
Foodland Balaklava,2025-05-04 23:54:36,Community Co Asian Salad Bowl,230g,was $5.90,$2.70,$11.74 per kg,https://foodlandbalaklava.com.au//lines/comm-co-asian-style-salad-bowl-230gm
Foodland Balaklava,2025-05-04 23:54:36,Community Co BBQ Sauce,500mL,N/A,$2.10,$0.42 per 100mL,https://foodlandbalaklava.com.au//lines/comm-co-sce-sqz-bbq-500ml
Foodland Balaklava,2025-05-04 23:54:36,Community Co Fettuccine,375g,N/A,$6.25,$1.67 per 100g,https://foodlandbalaklava.com.au//lines/comm-co-frsh-psta-fetucin375gm
Foodland Balaklava,2025-05-04 23:54:37,Community Co Italian Diced Tomatoes,400g,N/A,$1.40,$3.50 per kg,https://foodlandbalaklava.com.au//lines/comm-co-tom-diced-400gm
Foodland Balaklava,2025-05-04 23:54:37,Community Co Tasty Cheese Slices,250g,N/A,$6.00,$24.00 per kg,https://foodlandbalaklava.com.au//lines/comm-co-chse-slce-tasty-250gm
Foodland Balaklava,2025-05-04 23:54:37,Community Co. Frozen Mixed Berries,500g,N/A,$6.50,$13.00 per kg,https://foodlandbalaklava.com.au//lines/comm-co-frzn-mixdbry-500gm
Foodland Balaklava,2025-05-04 23:54:37,Connoisseur Ice Cream Belgian Chocolate,1L,N/A,$12.60,$1.26 per 100mL,https://foodlandbalaklava.com.au//lines/con-seur-i-crm-belgian-choc-1l
Foodland Balaklava,2025-05-04 23:54:37,Csr Caster Sugar,1kg,N/A,$3.95,$0.40 per 100g,https://foodlandbalaklava.com.au//lines/csr-caster-sugar-1kg
Foodland Balaklava,2025-05-04 23:54:37,Csr Soft Icing Mixture,1kg,N/A,$5.25,$0.52 per 100g,https://foodlandbalaklava.com.au//lines/csr-icing-mix-sft-upright-1kg
Foodland Balaklava,2025-05-04 23:54:37,Daily Juice Co Breakfast Juice,2L,N/A,$6.20,$3.10 per L,https://foodlandbalaklava.com.au//lines/daily-jce-breakfst-a-c-e-2l
Foodland Balaklava,2025-05-04 23:54:37,Dandy Economy Bacon Rashers,1kg,was $12.60,$10.90,$10.90 per kg,https://foodlandbalaklava.com.au//lines/dandy-bacon-economy-1kg
Foodland Balaklava,2025-05-04 23:54:37,Dare Mocha Robusta & Arabica Coffee,750mL,was $5.25,$5.00,$6.67 per L,https://foodlandbalaklava.com.au//lines/dare-mocha-750ml-1
Foodland Balaklava,2025-05-04 23:54:37,Darrel Lea Minty Crunchy Chocolate Balls,168g,was $6.30,$5.70,$3.39 per 100g,https://foodlandbalaklava.com.au//lines/darrell-lea-ball-mint-crn168gm
Foodland Balaklava,2025-05-04 23:54:37,Darrell Lea Batch 37 Liquorice,260g,was $5.80,$5.00,$1.92 per 100g,https://foodlandbalaklava.com.au//lines/darrell-lea-lic-btch37-org60gm
Foodland Balaklava,2025-05-04 23:54:37,Darrell Lea Milk Chocolate Caramel Craving,180g,was $7.35,$6.55,$3.64 per 100g,https://foodlandbalaklava.com.au//lines/darrell-lea-blk-crml-crav180gm
Foodland Balaklava,2025-05-04 23:54:37,Dine Fresh & Fine Adult Wet Cat Food In Jelly Chicken & Turkey Pouches,6 x 50g,N/A,$6.60,$2.20 per 100g,https://foodlandbalaklava.com.au//lines/dine-f-fine-jly-chc-turk6x50gm
Foodland Balaklava,2025-05-04 23:54:37,Don® Turkey Shaved Deli Style,160g,was $6.95,$5.00,$31.25 per kg,https://foodlandbalaklava.com.au//lines/don-turkey-shaved-160gm
Foodland Balaklava,2025-05-04 23:54:37,Doritos Corn Chips Cheese Supreme,45g,was $2.00,$1.50,$3.33 per 100g,https://foodlandbalaklava.com.au//lines/doritos-c-chip-chs-sup-45gm
Foodland Balaklava,2025-05-04 23:54:37,Edgell Cannellini Beans,400g,was $2.30,$1.95,$4.88 per kg,https://foodlandbalaklava.com.au//lines/edg-beans-cannellini-400gm
Foodland Balaklava,2025-05-04 23:54:37,Fancy Feast Classic Pate Chicken Feast Wet Cat Food Can,85g,was $2.00,$1.60,$1.88 per 100g,https://foodlandbalaklava.com.au//lines/purina-f-fst-clas-chickn-85g
Foodland Balaklava,2025-05-04 23:54:37,Felix Adult As Good As It Looks™ Favourite Selection In Jelly Wet Cat Food,12 x 85g,was $15.25,$9.00,$0.88 per 100g,https://foodlandbalaklava.com.au//lines/purina-felix-favourites12x85gm
Foodland Balaklava,2025-05-04 23:54:37,Fleurieu Low Fat Milk,2L,N/A,$5.65,$2.82 per L,https://foodlandbalaklava.com.au//lines/fleurieu-f-frsh-lw-ft-milk-2lt
Foodland Balaklava,2025-05-04 23:54:37,Flora Proactiv Cholesterol Lowering Spread Buttery,750g,N/A,$12.00,$1.60 per 100g,https://foodlandbalaklava.com.au//lines/flora-sprd-pro-activ-btry750gm-1
Foodland Balaklava,2025-05-04 23:54:37,Flora Spread Light,500g,was $5.50,$4.70,$0.94 per 100g,https://foodlandbalaklava.com.au//lines/flora-sprd-light-r-fat-500gm-1
Foodland Balaklava,2025-05-04 23:54:37,Gawler South Bakery Beef Pie Plate,880g,N/A,$11.50,$1.31 per 100g,https://foodlandbalaklava.com.au//lines/gsb-beef-pie-plate-880g
Foodland Balaklava,2025-05-04 23:54:37,Gippsland Dairy Toffee & Honeycomb Twist Yoghurt,160g,N/A,$3.00,$1.88 per 100g,https://foodlandbalaklava.com.au//lines/gipsland-yog-toffee-h-comb-160g
Foodland Balaklava,2025-05-04 23:54:37,Golden Circle® Australian Pineapple Pieces In Syrup,450g,was $4.60,$3.70,$8.22 per kg,https://foodlandbalaklava.com.au//lines/g-circ-pine-pieces-450gm
Foodland Balaklava,2025-05-04 23:54:37,Golden Circle® Grape Juice,2L,was $5.05,$3.90,$1.95 per L,https://foodlandbalaklava.com.au//lines/g-circ-jce-grape-pet-2l
Foodland Balaklava,2025-05-04 23:54:37,Golden Circle® Pine Mango Passion Cordial,2L,was $5.80,$4.50,$2.25 per L,https://foodlandbalaklava.com.au//lines/g-circ-cord-pine-mango-2l
Foodland Balaklava,2025-05-04 23:54:37,Grapes Dark Per Kg,N/A,N/A,$7.90,N/A,https://foodlandbalaklava.com.au//lines/grapes-dark-per-kg-1
Foodland Balaklava,2025-05-04 23:54:37,Green's Pancake Shake Original,375g,N/A,$3.70,$0.99 per 100g,https://foodlandbalaklava.com.au//lines/greens-p-cake-shaker-375gm
Foodland Balaklava,2025-05-04 23:54:37,Gsb Honey Stick,220g,N/A,$4.40,$2.00 per 100g,https://foodlandbalaklava.com.au//lines/gsb-honey-log-1
Foodland Balaklava,2025-05-04 23:54:37,Happy Muffin Co Choc Chip 8pk,N/A,N/A,$5.45,$1.70 per 100g,https://foodlandbalaklava.com.au//lines/happy-muffin-co-mini-choc-chip-8pk
Foodland Balaklava,2025-05-04 23:54:37,Heinz Beanz® The One For Two In Ham Sauce,300g,was $3.05,$1.75,$0.58 per 100g,https://foodlandbalaklava.com.au//lines/hnz-baked-beans-ham-sce-300gm
Foodland Balaklava,2025-05-04 23:54:37,Heinz® For Two Baked Beans In Tomato Sauce Value Pack,3 x 300g,N/A,$7.00,$0.78 per 100g,https://foodlandbalaklava.com.au//lines/hnz-bked-beans-tomato-3x300gm
Foodland Balaklava,2025-05-04 23:54:37,Helga's Roll Turkish White,400g,was $4.00,$3.60,$0.90 per 100g,https://foodlandbalaklava.com.au//lines/helga-roll-turkish-wht-400gm
Foodland Balaklava,2025-05-04 23:54:37,Herbert Adams Vegetarian Delights Cream Cheese & Spinach Savoury Rolls 2 Pack,380g,N/A,$7.20,$1.89 per 100g,https://foodlandbalaklava.com.au//lines/adams-roll-chse-spin-2s-380gm
Foodland Balaklava,2025-05-04 23:54:37,Hermesetas Mini Sweeteners 800 Tablets,N/A,was $8.20,$7.10,$0.89 per 100g,https://foodlandbalaklava.com.au//lines/hermesetas-original-800s
Foodland Balaklava,2025-05-04 23:54:37,Ingham Boneless Chicken With Apricot And Herb Stuffing,1kg,N/A,$16.00,N/A,https://foodlandbalaklava.com.au//lines/ingham-apr-herb-b-less-chicken
Foodland Balaklava,2025-05-04 23:54:37,Ingham Chicken Breast Fillet,N/A,N/A,$17.00,N/A,https://foodlandbalaklava.com.au//lines/ingham-chicken-breast-fillet-1
Foodland Balaklava,2025-05-04 23:54:37,Ingham's Chicken Breast Munchies Original,400g,was $7.60,$5.15,$12.88 per kg,https://foodlandbalaklava.com.au//lines/ingham-chic-munchies-400gm
Foodland Balaklava,2025-05-04 23:54:37,Ingham's Chicken Breast Tenders Southern Style,400g,was $5.50,$5.15,$12.88 per kg,https://foodlandbalaklava.com.au//lines/ingham-chic-tend-southrn-400gm
Foodland Balaklava,2025-05-04 23:54:37,Jalna Greek Style Natural Yoghourt,1kg,N/A,$7.80,N/A,https://foodlandbalaklava.com.au//lines/jalna-nat-greek-yog-1kg
Foodland Balaklava,2025-05-04 23:54:37,Kellogg's Nutri-Grain Original Bars (​5 X ) 110g,22g,N/A,$4.75,$4.32 per 100g,https://foodlandbalaklava.com.au//lines/kell-nutri-grain-br-orig-110gm
Foodland Balaklava,2025-05-04 23:54:37,Kewpie Mayonnaise Japanese,300g,N/A,$5.80,$1.93 per 100g,https://foodlandbalaklava.com.au//lines/kewpie-mayonnaise-300gm
Foodland Balaklava,2025-05-04 23:54:37,Kirks-Ko Kirks Sugar Free Lemon Squash Multipack Cans Soft Drink,10 x 375mL,was $15.75,$13.75,$3.67 per L,https://foodlandbalaklava.com.au//lines/kirks-lem-sqsh-s-f-10x375ml
Foodland Balaklava,2025-05-04 23:54:37,Kirks-Ko Kirks Sugar Free Lemonade Multipack Cans Soft Drink,10 x 375mL,was $15.75,$13.75,$3.67 per L,https://foodlandbalaklava.com.au//lines/kirks-lemonade-s-free-10x375ml
Foodland Balaklava,2025-05-04 23:54:37,Kleenex Aloe Vera & Vitamin E 3 Ply Facial Tissues 95 Pack,N/A,was $3.15,$2.60,$2.74 Units100,https://foodlandbalaklava.com.au//lines/klnx-tissue-xcare-aloe-wht-95s
Foodland Balaklava,2025-05-04 23:54:37,Kleenex Complete Clean Toilet Paper 12 Pack,N/A,was $9.45,$8.00,$0.37 per 100 Sheets,https://foodlandbalaklava.com.au//lines/klnx-t-roll-white-reg-12pk
Foodland Balaklava,2025-05-04 23:54:37,Kleenex Soft & Thick 2 Ply Facial Tissues 120 Pack,N/A,N/A,$4.00,$3.33 Units100,https://foodlandbalaklava.com.au//lines/klnx-tissue-sft-thk-120s
Foodland Balaklava,2025-05-04 23:54:37,Kr Castlemaine Kabana Traditional,300g,was $6.55,$5.90,$19.67 per kg,https://foodlandbalaklava.com.au//lines/krc-kabana-2-stick-300gm
Foodland Balaklava,2025-05-04 23:54:38,Kraft Cheese Singles,648g,was $12.20,$11.40,$17.59 per kg,https://foodlandbalaklava.com.au//lines/kft-chse-singles-org-648gm-1
Foodland Balaklava,2025-05-04 23:54:38,Kraft® Easy Mac® Classic Cheese,560g,N/A,$8.30,$1.48 per 100g,https://foodlandbalaklava.com.au//lines/kft-easy-mac-cheese-560gm-1
Foodland Balaklava,2025-05-04 23:54:38,L'or Espresso Onyx Intensity 12 For Nespresso®​* Machines,104g,was $13.65,$10.30,$9.90 per 100g,https://foodlandbalaklava.com.au//lines/lor-espresso-cap-onyx-20pk
Foodland Balaklava,2025-05-04 23:54:38,La Famiglia Garlic Bread,250g,N/A,$2.95,$1.18 per 100g,https://foodlandbalaklava.com.au//lines/la-famiglia-brd-garlic-250gm
Foodland Balaklava,2025-05-04 23:54:38,Leggo's Passata Sauce Classic,700g,was $4.50,$3.80,$0.54 per 100g,https://foodlandbalaklava.com.au//lines/leggos-passata-class-tom-700gm
Foodland Balaklava,2025-05-04 23:54:38,Little Bellies Organic Banana & Soft Corn,8g,was $2.10,$1.65,$20.62 per 100g,https://foodlandbalaklava.com.au//lines/b-bellies-sftcrn-ban-8gm
Foodland Balaklava,2025-05-04 23:54:38,M&​M’​S Peanut Milk Chocolate Snack & Share Bag,180g,was $7.35,$5.40,$3.00 per 100g,https://foodlandbalaklava.com.au//lines/m-ms-peanut-180gm
Foodland Balaklava,2025-05-04 23:54:38,Mainland Buttersoft Salted Butter,375g,was $10.00,$7.50,$2.00 per 100g,https://foodlandbalaklava.com.au//lines/m-land-fern-butr-sft-375gm
Foodland Balaklava,2025-05-04 23:54:38,Marathon Dim Sims 30 Pieces,1.5kg,N/A,$12.80,$0.85 per 100g,https://foodlandbalaklava.com.au//lines/marathon-dim-sims-30-s-1-5kg
Foodland Balaklava,2025-05-04 23:54:38,Marathon Spring Rolls,660mL,N/A,$9.50,$1.44 per 100g,https://foodlandbalaklava.com.au//lines/marathon-spring-roll-4s-660g
Foodland Balaklava,2025-05-04 23:54:38,Masterfoods Green Tomato Relish,250g,N/A,$4.75,$1.90 per 100g,https://foodlandbalaklava.com.au//lines/mf-relish-cafe-grm-tom-250gm
Foodland Balaklava,2025-05-04 23:54:38,Mccain Family BBQ Chicken And Pineapple Pizza,500g,N/A,$8.50,$1.70 per 100g,https://foodlandbalaklava.com.au//lines/mcc-pizza-bbq-chkn-pine-500gm
Foodland Balaklava,2025-05-04 23:54:38,Mccain Man Size Grilled Chicken And Bacon,480g,was $10.00,$8.60,$1.79 per 100g,https://foodlandbalaklava.com.au//lines/mcc-man-size-chk-bacon-500g
Foodland Balaklava,2025-05-04 23:54:38,Mccain Meatlovers Pizza Slices 2 Pack,600g,was $9.45,$7.00,$1.17 per 100g,https://foodlandbalaklava.com.au//lines/mcc-pizza-slce-m-lovers-600gm
Foodland Balaklava,2025-05-04 23:54:38,Mccain Supreme Pizza Slices,600g,was $9.45,$7.00,$1.17 per 100g,https://foodlandbalaklava.com.au//lines/mcc-pizza-slces-supreme-600gm
Foodland Balaklava,2025-05-04 23:54:38,Mentholatum Ice Gel,100g,N/A,$6.40,$6.40 per 100g,https://foodlandbalaklava.com.au//lines/mentholatum-ice-gel-100gm
Foodland Balaklava,2025-05-04 23:54:38,Mighty Soft Raisin Toast Sliced Loaf,600g,was $7.40,$3.70,$0.62 per 100g,https://foodlandbalaklava.com.au//lines/mighty-soft-raisin-toast-600gm
Foodland Balaklava,2025-05-04 23:54:38,Milky Way Milk Chocolate Bar 2 Pieces,45g,was $2.65,$1.25,$2.78 per 100g,https://foodlandbalaklava.com.au//lines/milky-way-bar-45gm
Foodland Balaklava,2025-05-04 23:54:38,Mini Oreo Original,204g,N/A,$5.25,$2.57 per 100g,https://foodlandbalaklava.com.au//lines/oreo-mini-orig-204gm
Foodland Balaklava,2025-05-04 23:54:38,Mission Garden Spinach Herb Wraps,567g,was $5.80,$4.50,$0.79 per 100g,https://foodlandbalaklava.com.au//lines/mission-wraps-spinach-herb-8pk
Foodland Balaklava,2025-05-04 23:54:38,Mission Tortilla Strips White Corn,230g,N/A,$4.50,$1.96 per 100g,https://foodlandbalaklava.com.au//lines/mission-corn-chp-tor-str-230gm
Foodland Balaklava,2025-05-04 23:54:38,Mitchum Women's Roll On Powder Fresh,50mL,was $5.05,$4.10,$8.20 per 100mL,https://foodlandbalaklava.com.au//lines/mitchum-r-on-a-fresh-wmn-50ml
Foodland Balaklava,2025-05-04 23:54:38,Moccona Cappuccino Coffee Sachets,30 x 13.7g,N/A,$13.65,$3.50 per 100g,https://foodlandbalaklava.com.au//lines/mocc-coff-sach-capp-30s
Foodland Balaklava,2025-05-04 23:54:38,Mrs Mac's Giant Sausage Rolls,700g,was $10.50,$7.00,$1.00 per 100g,https://foodlandbalaklava.com.au//lines/mrs-macs-s-roll-giant-4pk700gm
Foodland Balaklava,2025-05-04 23:54:38,Mrs Mac's Party Sausage Rolls,660g,was $11.05,$8.90,$1.35 per 100g,https://foodlandbalaklava.com.au//lines/mrs-macs-s-roll-party20s-660gm
Foodland Balaklava,2025-05-04 23:54:38,Mt Lofty Spring Water,10L,N/A,$5.25,$0.52 per L,https://foodlandbalaklava.com.au//lines/mt-lofty-spring-water-10l
Foodland Balaklava,2025-05-04 23:54:38,Mylanta 2go Antacid Double Strength Chewable Tablets Lemon Mint 24 Pack,N/A,was $8.95,$7.00,$0.29 Each,https://foodlandbalaklava.com.au//lines/mylanta-2go-d-strngth-chew-24s
Foodland Balaklava,2025-05-04 23:54:38,"Nature's Gift™ Adult All Breeds Loaf Chicken, Vegetables & Rice Wet Dog Food",1.2kg,was $6.30,$3.80,$0.32 per 100g,https://foodlandbalaklava.com.au//lines/nat-gift-d-fd-chk-rce-vg-1-2kg
Foodland Balaklava,2025-05-04 23:54:38,Natures Organics Fruits Shampoo Coconut & Lime,500mL,was $2.10,$1.95,$0.39 per 100mL,https://foodlandbalaklava.com.au//lines/nat-org-s-poo-cnut-lime-500ml
Foodland Balaklava,2025-05-04 23:54:38,Nestle Milo® Choc Malt Powder Drink,460g,N/A,$10.70,$2.33 per 100g,https://foodlandbalaklava.com.au//lines/nes-milo-460gm
Foodland Balaklava,2025-05-04 23:54:38,Nice & Natural Fruit Snacks Strings Strawberry Raspberry Blueberry,136g,was $5.90,$4.50,$3.31 per 100g,https://foodlandbalaklava.com.au//lines/nice-nat-fr-snk-rsp-blubry136g
Foodland Balaklava,2025-05-04 23:54:38,Nutella Chocolate Hazelnut Spread,220g,N/A,$5.15,$2.34 per 100g,https://foodlandbalaklava.com.au//lines/nutella-h-nut-choc-sprd-220gm
Foodland Balaklava,2025-05-04 23:54:38,Old El Paso Hard 'N Soft Taco Kit,355g,N/A,$10.00,$2.86 per 100g,https://foodlandbalaklava.com.au//lines/o-e-paso-taco-kit-hrd-sft350gm-2
Foodland Balaklava,2025-05-04 23:54:38,Old El Paso Taco Sauce Mild,200g,N/A,$4.75,$2.38 per 100g,https://foodlandbalaklava.com.au//lines/o-e-paso-sce-taco-mild-200gm
Foodland Balaklava,2025-05-04 23:54:38,Optimum Kitten Wet Cat Food With Salmon Chunks In Jelly Pouches,12 x 85g,was $21.00,$17.90,$1.75 per 100g,https://foodlandbalaklava.com.au//lines/optimum-kit-jelly-slmn-12x85gm
Foodland Balaklava,2025-05-04 23:54:38,Peckish Rice Crackers Cheese,90g,N/A,$2.70,$3.00 per 100g,https://foodlandbalaklava.com.au//lines/peckish-rc-cheese-90g
Foodland Balaklava,2025-05-04 23:54:38,Praise Ranch Dressing,330mL,was $3.80,$3.00,$0.91 per 100mL,https://foodlandbalaklava.com.au//lines/praise-drs-ranch-330ml
Foodland Balaklava,2025-05-04 23:54:38,Primo Diced Bacon Cook & Create,200g,was $6.00,$4.50,$22.50 per kg,https://foodlandbalaklava.com.au//lines/primo-real-bacon-diced-200gm
Foodland Balaklava,2025-05-04 23:54:38,Pringles Sour Cream And Onion Potato Chips,134g,was $5.80,$2.75,$2.05 per 100g,https://foodlandbalaklava.com.au//lines/pringles-chips-s-crm-on-134gm
Foodland Balaklava,2025-05-04 23:54:38,Purina Friskies Meaty Meals Pet Food Adult Grills,2.5kg,N/A,$15.50,$0.62 per 100g,https://foodlandbalaklava.com.au//lines/friskies-adult-meaty-gril2-5kg
Foodland Balaklava,2025-05-04 23:54:38,"Purina Lucky Dog Minis Minced Beef, Vegetable And Pasta Flavour Dry Dog Food",3kg,was $11.55,$9.00,$0.30 per 100g,https://foodlandbalaklava.com.au//lines/purina-l-dog-mini-bf-vg-pst3kg
Foodland Balaklava,2025-05-04 23:54:38,Red Island Australian Extra Virgin Olive Oil,1L,N/A,$25.00,$2.50 per 100mL,https://foodlandbalaklava.com.au//lines/red-island-olv-oil-x-virgin-1l
Foodland Balaklava,2025-05-04 23:54:38,Red Rock Deli Sweet Chilli & Sour Cream Potato Chips Share Pack,165g,was $6.00,$4.50,$2.73 per 100g,https://foodlandbalaklava.com.au//lines/rr-deli-chip-s-chil-s-crm165gm
Foodland Balaklava,2025-05-04 23:54:38,Rexona Men Deodorant Aerosol Antiperspirant Original 48-Hour Sweat And Odour Protection,250mL,was $8.95,$6.00,$2.40 per 100mL,https://foodlandbalaklava.com.au//lines/rexona-deod-for-men-250ml
Foodland Balaklava,2025-05-04 23:54:38,Seafood Salad Rw,N/A,N/A,$25.00,N/A,https://foodlandbalaklava.com.au//lines/s-fresh-seafood-salad-rw-1
Foodland Balaklava,2025-05-04 23:54:38,Slape & Sons BBQ Sausages,480g,N/A,$5.65,$11.77 per kg,https://foodlandbalaklava.com.au//lines/slapes-bbq-thin-480g
Foodland Balaklava,2025-05-04 23:54:38,Slape & Sons Country Style Thin Sausages,480g,N/A,$6.75,$14.06 per kg,https://foodlandbalaklava.com.au//lines/slapes-trad-country-style-480g
Foodland Balaklava,2025-05-04 23:54:38,Smith's Crinkle Cut Potato Chips Barbecue,45g,was $2.00,$1.50,$3.33 per 100g,https://foodlandbalaklava.com.au//lines/smiths-crinkl-bbq-45gm
Foodland Balaklava,2025-05-04 23:54:39,Smith's Thinly Cut Potato Chips Original,175g,was $5.25,$4.45,$2.54 per 100g,https://foodlandbalaklava.com.au//lines/smiths-thinly-original-175gm
Foodland Balaklava,2025-05-04 23:54:39,Spinach Baby Loose,N/A,N/A,$17.95,N/A,https://foodlandbalaklava.com.au//lines/spinach-baby-loose
Foodland Balaklava,2025-05-04 23:54:39,Steggles Chicken Nuggets Crumbed,1kg,was $14.20,$11.50,$11.50 per kg,https://foodlandbalaklava.com.au//lines/steg-chic-nuggets-1kg
Foodland Balaklava,2025-05-04 23:54:39,Sunrice Long Grain White Rice,1kg,was $3.15,$2.70,$0.27 per 100g,https://foodlandbalaklava.com.au//lines/sunrice-prem-white-l-grain-1kg
Foodland Balaklava,2025-05-04 23:54:39,Thins Chips Salt & Vinegar,175g,was $5.25,$3.50,$2.00 per 100g,https://foodlandbalaklava.com.au//lines/thins-chip-slt-vin-175gm
Foodland Balaklava,2025-05-04 23:54:39,Twisties Cheese,45g,was $2.00,$1.50,$3.33 per 100g,https://foodlandbalaklava.com.au//lines/twisties-cheese-45gm
Foodland Balaklava,2025-05-04 23:54:39,Uncle Tobys Natural Style Swiss Muesli Breakfast Cereal,1kg,was $9.45,$8.25,$0.82 per 100g,https://foodlandbalaklava.com.au//lines/u-toby-muesli-nat-swiss-1kg
Foodland Balaklava,2025-05-04 23:54:39,Up&​Go Liquid Breakfast Choc Ice,350mL,N/A,$4.65,$13.29 per L,https://foodlandbalaklava.com.au//lines/sanit-up-go-choc-ice-350ml
Foodland Balaklava,2025-05-04 23:54:39,Vilis S/​Roll Large,165g,N/A,$5.00,$3.03 per 100g,https://foodlandbalaklava.com.au//lines/vilis-sausage-roll-2in1-165gm
Foodland Balaklava,2025-05-04 23:54:39,Viva Double Length Paper Towels 4 Pack 21cm,N/A,was $12.90,$10.50,$2.19 per 100 Sheets,https://foodlandbalaklava.com.au//lines/viva-towel-dbl-length-4pk
Foodland Balaklava,2025-05-04 23:54:39,Wonder White Wonder Smooth Wholegrain Sliced Bread Sandwich,700g,was $5.45,$4.50,$0.64 per 100g,https://foodlandbalaklava.com.au//lines/wonder-wht-brd-w-grn-smth700gm
Foodland Balaklava,2025-05-04 23:54:39,Yoghurt Shop Lemon Twist,200g,N/A,$4.60,$2.42 per 100g,https://foodlandbalaklava.com.au//lines/yog-shop-lemon-twist-200g
Foodland Balaklava,2025-05-04 23:54:39,Yogo Choc Rock Chocolate Flavoured Custard,12 x 100g,N/A,$8.40,$0.70 per 100g,https://foodlandbalaklava.com.au//lines/yogo-chok-rock-12x100gm
Foodland Balaklava,2025-05-04 23:54:39,Yoplait Fruche Vanilla Bean,2 x 150g,N/A,$2.75,$0.92 per 100g,https://foodlandbalaklava.com.au//lines/fruche-van-bean-2x150gm
Foodland Balaklava,2025-05-04 23:54:39,Yoplait Petit Miam Yoghurt Banana,70g,was $1.70,$1.10,$1.57 per 100g,https://foodlandbalaklava.com.au//lines/yop-sqz-ygt-banana-70gm
Foodland Balaklava,2025-05-04 23:54:39,Yoplait Zero Yoghurt French Vanilla,1kg,N/A,$4.75,$0.48 per 100g,https://foodlandbalaklava.com.au//lines/yop-ygt-forme-frnch-van-1kg
Foodland Balaklava,2025-05-04 23:54:39,Yopro High Protein Vanilla Greek Yoghurt Pouch,150g,N/A,$3.15,$2.10 per 100g,https://foodlandbalaklava.com.au//lines/danone-yopro-ygt-vanilla-150gm
Foodland Balaklava,2025-05-04 23:54:39,Zoosh Oh So Fine French Onion Creamy Dreamy Dip,185g,was $3.70,$2.50,$1.35 per 100g,https://foodlandbalaklava.com.au//lines/zoosh-dip-french-onion-185gm
Foodland Balaklava,2025-05-04 23:54:39,Allen's Classic Party Mix Lollies Bag,420g,was $6.85,$5.80,$1.38 per 100g,https://foodlandbalaklava.com.au//lines/allens-party-mix-classic-420gm
Foodland Balaklava,2025-05-04 23:54:39,Allen's Jaffas Milk Choc Bag,160g,was $6.30,$5.15,$3.22 per 100g,https://foodlandbalaklava.com.au//lines/allens-jaffas-choc-160gm
Foodland Balaklava,2025-05-04 23:54:39,Allens Minties,150g,was $5.25,$3.50,$2.33 per 100g,https://foodlandbalaklava.com.au//lines/allens-minties-150gm
Foodland Balaklava,2025-05-04 23:54:39,Arnott's Sao Biscuits Original Crackers,250g,N/A,$4.20,$1.68 per 100g,https://foodlandbalaklava.com.au//lines/arn-sao-250gm
Foodland Balaklava,2025-05-04 23:54:39,Arnott's Scotch Finger Gluten Free Biscuits,170g,N/A,$5.25,$3.09 per 100g,https://foodlandbalaklava.com.au//lines/arn-scotch-finger-g-f-170gm
Foodland Balaklava,2025-05-04 23:54:39,Arnott's Seeded Gluten Free Crackers Sea Salt,100g,N/A,$4.75,$4.75 per 100g,https://foodlandbalaklava.com.au//lines/arn-gold-crkr-sea-salt-100gm
Foodland Balaklava,2025-05-04 23:54:39,Arnott's Shapes Originals Cracker Biscuits Cheddar,175g,N/A,$4.00,$2.29 per 100g,https://foodlandbalaklava.com.au//lines/arn-shapes-cheddar-175gm
Foodland Balaklava,2025-05-04 23:54:39,Arnott's Tim Tam Chewy Caramel Chocolate Biscuits,175g,N/A,$6.00,$3.43 per 100g,https://foodlandbalaklava.com.au//lines/arn-choc-tim-tam-chwy-car175gm
Foodland Balaklava,2025-05-04 23:54:39,Arnott's Tina Wafer Biscuits,200g,N/A,$4.20,$2.10 per 100g,https://foodlandbalaklava.com.au//lines/arn-tina-wafer-200gm
Foodland Balaklava,2025-05-04 23:54:39,Arnott's Vita Weat 9 Grains,250g,N/A,$4.20,$1.68 per 100g,https://foodlandbalaklava.com.au//lines/arn-vita-weat-9grns-250gm
Foodland Balaklava,2025-05-04 23:54:39,Australian Gold Long Life Camembert,115g,was $6.30,$4.50,$39.13 per kg,https://foodlandbalaklava.com.au//lines/aus-gold-chse-camem-l-l-115gm
Foodland Balaklava,2025-05-04 23:54:39,Ayam Fish Sauce,210mL,N/A,$4.20,$2.00 per 100mL,https://foodlandbalaklava.com.au//lines/ayam-sce-fish-210ml
Foodland Balaklava,2025-05-04 23:54:39,Balducci Penne Rigati No. 18,500g,was $2.00,$1.75,$0.35 per 100g,https://foodlandbalaklava.com.au//lines/balducci-penne-rigati-18-500gm
Foodland Balaklava,2025-05-04 23:54:39,Balfours Frozen Square Pie,680g,was $11.55,$9.00,$1.32 per 100g,https://foodlandbalaklava.com.au//lines/balfour-pie-sq-4s-680gm
Foodland Balaklava,2025-05-04 23:54:39,Barossa Gmet Italian Meatballs,450g,N/A,$9.00,$2.00 per 100g,https://foodlandbalaklava.com.au//lines/barossa-gmet-italian-meatballs-450g
Foodland Balaklava,2025-05-04 23:54:39,Bath Body Cleaner 1pk,N/A,N/A,$2.63,N/A,https://foodlandbalaklava.com.au//lines/bath-body-cleaner-c-s
Foodland Balaklava,2025-05-04 23:54:39,Beanshoots,350mL,N/A,$3.60,$10.29 per kg,https://foodlandbalaklava.com.au//lines/bean-sprouts-loose-350g
Foodland Balaklava,2025-05-04 23:54:39,Birdseye Fish Fingers,375g,N/A,$6.85,$18.27 per kg,https://foodlandbalaklava.com.au//lines/b-eye-fish-fingers-375gm
Foodland Balaklava,2025-05-04 23:54:39,Black & Gold Cheese Cake,450g,N/A,$4.80,$1.07 per 100g,https://foodlandbalaklava.com.au//lines/b-gold-cheese-cake-450gm-1
Foodland Balaklava,2025-05-04 23:54:39,Black & Gold Cheese Shredded Tasty,900g,N/A,$13.65,$15.17 per kg,https://foodlandbalaklava.com.au//lines/b-gold-chse-shrd-val-pk-900gm
Foodland Balaklava,2025-05-04 23:54:39,Black & Gold Cocoa Powder,255g,N/A,$4.75,$1.86 per 100g,https://foodlandbalaklava.com.au//lines/b-gold-cocoa-powder-255gm
Foodland Balaklava,2025-05-04 23:54:39,Black & Gold Creamed Corn,400g,N/A,$1.45,$3.62 per kg,https://foodlandbalaklava.com.au//lines/b-gold-corn-creamed-400gm
Foodland Balaklava,2025-05-04 23:54:39,Black & Gold Icing Mixture,1kg,N/A,$3.95,$0.40 per 100g,https://foodlandbalaklava.com.au//lines/b-gold-icing-mixture-1kg
Foodland Balaklava,2025-05-04 23:54:39,Black & Gold Milk Uht Reduced Fat,1L,N/A,$1.60,$1.60 per L,https://foodlandbalaklava.com.au//lines/b-gold-milk-l-lf-rf-1l
Foodland Balaklava,2025-05-04 23:54:39,Black & Gold Onions Chopped,1kg,N/A,$6.00,$6.00 per kg,https://foodlandbalaklava.com.au//lines/b-gold-onion-chop-1kg
Foodland Balaklava,2025-05-04 23:54:39,Black & Gold Penne,500g,N/A,$0.90,$0.18 per 100g,https://foodlandbalaklava.com.au//lines/b-gold-penne-500gm
Foodland Balaklava,2025-05-04 23:54:39,Black & Gold Plain Flour,1kg,N/A,$1.40,$1.40 per kg,https://foodlandbalaklava.com.au//lines/b-gold-flour-plain-1kg
Foodland Balaklava,2025-05-04 23:54:39,Black & Gold Raw Sugar,1kg,N/A,$1.80,$0.18 per 100g,https://foodlandbalaklava.com.au//lines/b-gold-raw-sugar-1kg
Foodland Balaklava,2025-05-04 23:54:39,Black & Gold Shortcut Bacon,200g,N/A,$4.40,$22.00 per kg,https://foodlandbalaklava.com.au//lines/b-gold-bacon-shortcut-200g
Foodland Balaklava,2025-05-04 23:54:39,Black & Gold Soda Water 1.​25,N/A,N/A,$1.30,$1.04 per L,https://foodlandbalaklava.com.au//lines/b-gold-soda-water-1-25l
Foodland Balaklava,2025-05-04 23:54:41,Black & Gold Sultanas,1kg,N/A,$7.00,$7.00 per kg,https://foodlandbalaklava.com.au//lines/b-gold-sultanas-1kg-1
Foodland Balaklava,2025-05-04 23:54:41,Bosisto's Bathroom & Shower Cleaner,500mL,was $5.80,$3.70,$0.74 per 100mL,https://foodlandbalaklava.com.au//lines/bosistos-clnr-bath-shwr-500ml
Foodland Balaklava,2025-05-04 23:54:41,Bulla Crm Sour,400mL,N/A,$5.80,$1.45 per 100mL,https://foodlandbalaklava.com.au//lines/bulla-crm-sour-400ml
Foodland Balaklava,2025-05-04 23:54:41,Bulla Low Fat Cottage Cheese Original,200g,was $4.00,$3.80,$19.00 per kg,https://foodlandbalaklava.com.au//lines/bulla-cott-chs-l-f-plain-200gm
Foodland Balaklava,2025-05-04 23:54:41,Bundaberg Ginger Beer Bottles,10 x 375mL,N/A,$18.45,$4.92 per L,https://foodlandbalaklava.com.au//lines/b-berg-ginger-beer-10x375ml
Foodland Balaklava,2025-05-04 23:54:41,Burger Rings Big Burger Taste,45g,N/A,$2.00,$4.44 per 100g,https://foodlandbalaklava.com.au//lines/burger-rings-45gm
Foodland Balaklava,2025-05-04 23:54:41,Cadbury Baking White Chocolate,180g,was $6.30,$6.00,$3.33 per 100g,https://foodlandbalaklava.com.au//lines/cad-baking-choc-white-180gm
Foodland Balaklava,2025-05-04 23:54:41,Cadbury Breakaway Milk Chocolate Biscuits,180g,N/A,$6.30,$3.50 per 100g,https://foodlandbalaklava.com.au//lines/cad-bisc-b-way-mlk-choc-180gm
Foodland Balaklava,2025-05-04 23:54:41,Cadbury Caramilk Wallaby,144g,was $7.00,$6.20,$4.31 per 100g,https://foodlandbalaklava.com.au//lines/cad-caramilk-wallby-sh-pk144gm
Foodland Balaklava,2025-05-04 23:54:41,Cadbury Dairy Milk Chocolate Caramello Large Block,345g,N/A,$8.50,$2.46 per 100g,https://foodlandbalaklava.com.au//lines/cad-choc-caramello-340gm
Foodland Balaklava,2025-05-04 23:54:41,Cadbury Dairy Milk Chocolate Milk Chocolate Bar,50g,was $2.65,$2.05,$4.10 per 100g,https://foodlandbalaklava.com.au//lines/cad-choc-dairymilk-50gm
Foodland Balaklava,2025-05-04 23:54:41,Carman's Crispy Deluxe Muesli Fruit & Nut,400g,N/A,$8.40,$2.10 per 100g,https://foodlandbalaklava.com.au//lines/carmans-muesli-deluxe-400gm
Foodland Balaklava,2025-05-04 23:54:41,Celery Med Per Stick Whole,N/A,N/A,$5.10,N/A,https://foodlandbalaklava.com.au//lines/celery-med-per-stick-whole
Foodland Balaklava,2025-05-04 23:54:41,Champmans Bung Fritz,N/A,N/A,$14.99,N/A,https://foodlandbalaklava.com.au//lines/chapman-fritz-bung-2x4-3kg-1
Foodland Balaklava,2025-05-04 23:54:41,Chapman's® Fritz,500g,N/A,$6.30,$12.60 per kg,https://foodlandbalaklava.com.au//lines/chapmans-fritz-500gm
Foodland Balaklava,2025-05-04 23:54:41,Cheer Cheese Colby Block,1kg,N/A,$16.65,$16.65 per kg,https://foodlandbalaklava.com.au//lines/cheer-chse-colby-blk-1kg
Foodland Balaklava,2025-05-04 23:54:41,Cheetos Balls Cheese Snacks Party Bag Cheese & Bacon,190g,N/A,$4.00,$2.11 per 100g,https://foodlandbalaklava.com.au//lines/cheetos-chse-bacon-balls-190gm
Foodland Balaklava,2025-05-04 23:54:41,Cheezels,45g,was $2.00,$1.50,$3.33 per 100g,https://foodlandbalaklava.com.au//lines/cheezels-cheese-45gm
Foodland Balaklava,2025-05-04 23:54:41,Chicken Drumsticks,N/A,N/A,$6.50,N/A,https://foodlandbalaklava.com.au//lines/chicken-drumsticks
Foodland Balaklava,2025-05-04 23:54:41,Chicken Wingettes Garlic Herb,N/A,N/A,$9.99,N/A,https://foodlandbalaklava.com.au//lines/chicken-wingettes-garlic-herb
Foodland Balaklava,2025-05-04 23:54:41,Choc Chip Cookie 6pk,N/A,N/A,$3.99,N/A,https://foodlandbalaklava.com.au//lines/choc-chip-cookie-6pk-1
Foodland Balaklava,2025-05-04 23:54:41,Chris Dip Trad Crn Relsh,200g,was $4.75,$4.50,$2.25 per 100g,https://foodlandbalaklava.com.au//lines/chris-dip-trad-corn-rel-200gm
Foodland Balaklava,2025-05-04 23:54:41,Coca-Cola Light/​Diet Coke Diet Coca-Cola Soft Drink Multipack Cans,30 x 375mL,was $52.50,$30.90,$2.75 per L,https://foodlandbalaklava.com.au//lines/diet-coke-family-pk-30x375ml
Foodland Balaklava,2025-05-04 23:54:41,Coca-Cola Zero Sugar Soft Drink Multipack Mini Cans,6 x 250mL,was $10.50,$6.70,$4.47 per L,https://foodlandbalaklava.com.au//lines/coca-cola-n-sug-can-6x250ml
Foodland Balaklava,2025-05-04 23:54:41,Comm Co Oil Vegetable,750mL,N/A,$3.80,$0.51 per 100mL,https://foodlandbalaklava.com.au//lines/comm-co-oil-vegetable-750ml-1
Foodland Balaklava,2025-05-04 23:54:41,Community & Co Jam Apricot,500g,N/A,$2.80,$0.56 per 100g,https://foodlandbalaklava.com.au//lines/comm-co-jam-apricot-500gm
Foodland Balaklava,2025-05-04 23:54:41,Community Co Coffee & Coconut Soap,2 x 100g,N/A,$3.40,$1.70 per 100g,https://foodlandbalaklava.com.au//lines/comm-co-soap-c-nut-coffe-2pk
Foodland Balaklava,2025-05-04 23:54:41,Community Co Diced Tomatoes With Oregano & Basil,400g,N/A,$1.40,$3.50 per kg,https://foodlandbalaklava.com.au//lines/comm-co-tom-diced-herb-400gm
Foodland Balaklava,2025-05-04 23:54:41,Community Co Extra Virgin Olive Oil Spray,225g,N/A,$5.70,$2.53 per 100g,https://foodlandbalaklava.com.au//lines/comm-co-oil-ex-virg-spry-225gm
Foodland Balaklava,2025-05-04 23:54:41,Community Co Smooth & Creamy Double Brie Soft Cheese,125g,N/A,$3.95,$31.60 per kg,https://foodlandbalaklava.com.au//lines/comm-co-chse-brie-dble-125gm
Foodland Balaklava,2025-05-04 23:54:41,Community Co Thai Salad Kit,285g,N/A,$6.80,$23.86 per kg,https://foodlandbalaklava.com.au//lines/comm-co-thai-salad-kit-drs-285gm
Foodland Balaklava,2025-05-04 23:54:41,Community Co. Frozen Blueberries,500g,N/A,$6.50,$13.00 per kg,https://foodlandbalaklava.com.au//lines/comm-co-frzn-bluebry-500gm
Foodland Balaklava,2025-05-04 23:54:41,Community Co. Salt Cured Smoked Salmon,50g,N/A,$4.45,$89.00 per kg,https://foodlandbalaklava.com.au//lines/comm-co-salmon-smk-50g
Foodland Balaklava,2025-05-04 23:54:41,Community Co. Tasty Cheese Slices,500g,N/A,$8.30,$16.60 per kg,https://foodlandbalaklava.com.au//lines/comm-co-chse-slce-tasty-500gm
Foodland Balaklava,2025-05-04 23:54:41,Continental Cup A Soup Homestyle Pumpkin,61g,was $2.95,$1.40,$2.30 per 100g,https://foodlandbalaklava.com.au//lines/cupasoup-h-style-pumpkin-2srv
Foodland Balaklava,2025-05-04 23:54:41,Croissant Large 3pk,255g,N/A,$3.50,$1.37 per 100g,https://foodlandbalaklava.com.au//lines/croissant-large-3pk-255gm
Foodland Balaklava,2025-05-04 23:54:41,Csr Raw Sugar,1kg,N/A,$3.20,$0.32 per 100g,https://foodlandbalaklava.com.au//lines/csr-raw-sugar-1kg
Foodland Balaklava,2025-05-04 23:54:41,Daily Juice Co Orange Juice,2L,was $7.50,$7.30,$3.65 per L,https://foodlandbalaklava.com.au//lines/daily-jce-co-org-frsh-2l
Foodland Balaklava,2025-05-04 23:54:41,Dairy Choice Lite Fresh Milk,3L,N/A,$4.90,$1.63 per L,https://foodlandbalaklava.com.au//lines/dairy-choice-milk-lite-3l
Foodland Balaklava,2025-05-04 23:54:41,Dare Iced Coffee Double Espresso,750mL,was $5.25,$5.00,$6.67 per L,https://foodlandbalaklava.com.au//lines/dare-i-coff-esp-dble-750ml
Foodland Balaklava,2025-05-04 23:54:41,Darrell Lea Rocky Road Berry Bounce Block,180g,was $7.35,$6.55,$3.64 per 100g,https://foodlandbalaklava.com.au//lines/darrell-lea-r-lea-r-bry-180gm
Foodland Balaklava,2025-05-04 23:54:41,Darrell Lea Twist Milk Chocolate Liquorice,220g,was $6.30,$5.70,$2.85 per 100g,https://foodlandbalaklava.com.au//lines/darrell-lea-liq-twst-chc-220gm
Foodland Balaklava,2025-05-04 23:54:41,Dine Classic Collection Cuts In Gravy With Beef & Liver 7pk,7 x 85g,was $10.50,$9.15,$1.54 per 100g,https://foodlandbalaklava.com.au//lines/dine-beef-liver-rch-grvy7x85gm
Foodland Balaklava,2025-05-04 23:54:41,Dine Daily Tuna Mornay Topped With Cheese,7 x 85g,was $10.50,$9.15,$1.54 per 100g,https://foodlandbalaklava.com.au//lines/dine-tuna-mrny-topd-chs-7x85gm
Foodland Balaklava,2025-05-04 23:54:41,Dole Pineapple Chunks In Juice Canned,432g,was $3.20,$2.50,$0.58 per 100g,https://foodlandbalaklava.com.au//lines/dole-chunks-in-jce-432gm
Foodland Balaklava,2025-05-04 23:54:41,"Dolmio Extra Tomato, Onion & Roast Garlic Pasta Sauce",500g,was $4.85,$4.10,$0.82 per 100g,https://foodlandbalaklava.com.au//lines/dolmio-pst-sce-tom-on-gar500gm
Foodland Balaklava,2025-05-04 23:54:41,Dolmio Lasagne Bechamel Sauce,490g,N/A,$4.00,$0.82 per 100g,https://foodlandbalaklava.com.au//lines/dolmio-pst-bke-bechm-lsgn490gm
Foodland Balaklava,2025-05-04 23:54:41,Don® Skinless Cocktail Frankfurts,79260 x 600g,was $8.30,$7.00,$11.67 per kg,https://foodlandbalaklava.com.au//lines/don-franks-c-tail-sknlss-600gm
Foodland Balaklava,2025-05-04 23:54:42,Dove Body Wash 24hr Nourishment Triple Moisturising With A Microbiome-Gentle Formula For Daily Skin Care,1L,N/A,$17.00,$1.70 per 100mL,https://foodlandbalaklava.com.au//lines/dove-body-wash-triple-moist-1l
Foodland Balaklava,2025-05-04 23:54:42,Dr.​Oetker Papa Giuseppis Panini Tomato Cheese 2pk,250g,N/A,$5.80,$2.32 per 100g,https://foodlandbalaklava.com.au//lines/papa-g-panini-tom-chse-250gm
Foodland Balaklava,2025-05-04 23:54:42,Dream Whip Whipped Dairy Cream,250g,was $7.10,$5.85,$2.34 per 100g,https://foodlandbalaklava.com.au//lines/dream-whip-regular-250gm
Foodland Balaklava,2025-05-04 23:54:42,Dulwich Bakery Carrot And Walnut Cake,550g,was $8.35,$8.25,$1.50 per 100g,https://foodlandbalaklava.com.au//lines/dulwich-carrot-walnut-cake-550gm
Foodland Balaklava,2025-05-04 23:54:42,Edgell Black Beans,400g,was $2.30,$1.95,$4.88 per kg,https://foodlandbalaklava.com.au//lines/edg-beans-black-400gm
Foodland Balaklava,2025-05-04 23:54:42,Essen Pet Aussie Pigs Ear 1pce,N/A,N/A,$3.80,N/A,https://foodlandbalaklava.com.au//lines/essen-pet-aussie-pigs-ear-1pce
Foodland Balaklava,2025-05-04 23:54:42,Fancy Feast Adult Medleys White Meat Chicken Florentine With Garden Greens In A Delicate Sauce Wet Cat Food,85g,was $2.40,$2.15,$2.53 per 100g,https://foodlandbalaklava.com.au//lines/purina-f-fst-med-flor-chic85gm-1
Foodland Balaklava,2025-05-04 23:54:42,Fancy Feast Adult Savory Centers Patè With Chicken And A Gourmet Gravy Center Wet Cat Food,85g,N/A,$2.75,$3.24 per 100g,https://foodlandbalaklava.com.au//lines/purina-f-fst-s-cntr-chkn-85gm-1
Foodland Balaklava,2025-05-04 23:54:42,Fancy Feast Adult Savory Centers Patè With Salmon And A Gourmet Gravy Center Wet Cat Food,85g,N/A,$2.75,$3.24 per 100g,https://foodlandbalaklava.com.au//lines/purina-f-fst-s-cntr-salmn-85gm-1
Foodland Balaklava,2025-05-04 23:54:42,Fancy Feast Adult Savory Centers Patè With Tuna And A Gourmet Gravy Center Wet Cat Food,85g,N/A,$2.75,$3.24 per 100g,https://foodlandbalaklava.com.au//lines/purina-f-fst-s-cntr-tna-85gm-1
Foodland Balaklava,2025-05-04 23:54:42,Fancy Feast Classic Pate Savoury Salmon Feast Wet Cat Food Can,85g,was $2.00,$1.60,$1.88 per 100g,https://foodlandbalaklava.com.au//lines/purina-f-fst-clas-salmon-85g
Foodland Balaklava,2025-05-04 23:54:42,Fantastic Rice Crackers Chicken,100g,N/A,$2.50,$2.50 per 100g,https://foodlandbalaklava.com.au//lines/fantastic-rcrkr-chkn-100gm
Foodland Balaklava,2025-05-04 23:54:42,Farmers Union Iced Coffee Btl,300mL,N/A,$2.91,$7.76 per L,https://foodlandbalaklava.com.au//lines/f-union-milk-iced-coffee-300ml
Foodland Balaklava,2025-05-04 23:54:42,Fc Pork Leg Roast Med B&​R Rw,N/A,N/A,$13.99,$13.99 per kg,https://foodlandbalaklava.com.au//lines/fc-pork-leg-roast-med-b-r-rw-1
Foodland Balaklava,2025-05-04 23:54:42,Felix Adult As Good As It Looks™ Doubly Delicious Fish Selection In Jelly Wet Cat Food,12 x 85g,was $15.25,$9.00,$0.88 per 100g,https://foodlandbalaklava.com.au//lines/purina-felix-fish-selct12x85gm
Foodland Balaklava,2025-05-04 23:54:42,Felix Adult As Good As It Looks™ Meat Menus In Jelly Wet Cat Food,12 x 85g,was $15.25,$9.00,$0.88 per 100g,https://foodlandbalaklava.com.au//lines/purina-felix-meat-twin-12x85gm
Foodland Balaklava,2025-05-04 23:54:42,Felix Adult Sensations®​ Jellies Fish Selection Wet Cat Food,85g,was $15.25,$9.00,$0.88 per 100g,https://foodlandbalaklava.com.au//lines/purina-felix-j-sen-fish12x85gm
Foodland Balaklava,2025-05-04 23:54:42,Fountain® BBQ Sauce,500mL,N/A,$2.40,$0.48 per 100mL,https://foodlandbalaklava.com.au//lines/fount-sce-sqz-bbq-500ml
Foodland Balaklava,2025-05-04 23:54:42,Fountain® Spicy Red Sauce,250mL,N/A,$4.00,$1.60 per 100mL,https://foodlandbalaklava.com.au//lines/fount-sce-spicy-red-250ml
Foodland Balaklava,2025-05-04 23:54:42,Franks,N/A,was $9.99,$7.90,N/A,https://foodlandbalaklava.com.au//lines/franks
Foodland Balaklava,2025-05-04 23:54:42,Fresh Pizza Small Hawaiian,N/A,N/A,$5.99,N/A,https://foodlandbalaklava.com.au//lines/fresh-pizza-small-hawaiian-1
Foodland Balaklava,2025-05-04 23:54:42,Fresh Pizza Small Meat Lovers,N/A,N/A,$5.99,N/A,https://foodlandbalaklava.com.au//lines/fresh-pizza-small-meat-lovers
Foodland Balaklava,2025-05-04 23:54:42,Friskies Kitten Discover,700g,N/A,$5.90,$0.84 per 100g,https://foodlandbalaklava.com.au//lines/friskies-kitten-discover-700g
Foodland Balaklava,2025-05-04 23:54:42,Gawler South Bakery Kitchener Bun,200g,N/A,$4.40,$2.20 per 100g,https://foodlandbalaklava.com.au//lines/gsb-kitchener-bun-200g
Foodland Balaklava,2025-05-04 23:54:42,Gawler South Bakery Vanilla Slice,200g,N/A,$4.60,$2.30 per 100g,https://foodlandbalaklava.com.au//lines/gsb-vanilla-slice-200g
Foodland Balaklava,2025-05-04 23:54:42,Glad Handle Tie Lavender And Orchid Bin Liners Large 25pk 25pk,N/A,N/A,$4.20,$0.17 Each,https://foodlandbalaklava.com.au//lines/glad-bag-hndl-tie-lav-lge-25s
Foodland Balaklava,2025-05-04 23:54:42,Glad Snaplock Reseal Sandwich Bags 100pk 100pk,N/A,was $6.85,$5.45,$0.05 Each,https://foodlandbalaklava.com.au//lines/glad-bag-s-lock-sandwich-100s
Foodland Balaklava,2025-05-04 23:54:42,Golden Circle® Sarsaparilla Cordial,2L,was $5.80,$4.50,$2.25 per L,https://foodlandbalaklava.com.au//lines/g-circ-cord-sarsaparilla-2l
Foodland Balaklava,2025-05-04 23:54:42,Golden Gaytime Streets Ice Cream Sticks Toffee And Vanilla Ice Cream Coated In Chocolate With Crunchy Biscuit Crumbs Original Proudly Australian Made,N/A,was $10.50,$9.10,$2.28 per 100mL,https://foodlandbalaklava.com.au//lines/str-m-p-golden-gaytime-4s
Foodland Balaklava,2025-05-04 23:54:42,Goulburn Valley Peaches In Juice,700g,N/A,$5.25,$7.50 per kg,https://foodlandbalaklava.com.au//lines/g-val-peach-sliced-700gm
Foodland Balaklava,2025-05-04 23:54:42,Gravox® White Sauce Mix,29g,was $1.60,$0.75,$0.26 per 10g,https://foodlandbalaklava.com.au//lines/gravox-sce-sac-white-29gm
Foodland Balaklava,2025-05-04 23:54:42,Greenseas® Tuna Tomato & Onion,95g,was $2.77,$1.30,$13.68 per kg,https://foodlandbalaklava.com.au//lines/greenseas-tuna-tom-onion-95gm
Foodland Balaklava,2025-05-04 23:54:42,Griffs Curried Prawns Portrait,400g,N/A,$6.30,$1.58 per 100g,https://foodlandbalaklava.com.au//lines/griffs-c-prawn-frd-rice-400gm
Foodland Balaklava,2025-05-04 23:54:42,Happy Muffin Co Choc Chip 4pk,N/A,N/A,$5.45,$1.30 per 100g,https://foodlandbalaklava.com.au//lines/happy-muffin-co-choc-chip-4pk
Foodland Balaklava,2025-05-04 23:54:42,Heinz For Baby® Pear Apple & Kiwifruit 6+ Months,120g,N/A,$1.60,$1.33 per 100g,https://foodlandbalaklava.com.au//lines/hnz-pear-apple-kiwifrt-120gm
Foodland Balaklava,2025-05-04 23:54:42,Heinz Soup Of The Day® Old Fashioned Chicken,430g,was $4.75,$4.15,$0.97 per 100g,https://foodlandbalaklava.com.au//lines/hnz-soup-sotd-chicken-430gm
Foodland Balaklava,2025-05-04 23:54:42,Heinz® Big Red® Condensed Tomato Soup,820g,N/A,$4.10,$0.50 per 100g,https://foodlandbalaklava.com.au//lines/hnz-soup-tomato-big-red-820gm
Foodland Balaklava,2025-05-04 23:54:42,Helga's Traditional White Wraps,508g,N/A,$5.50,$1.08 per 100g,https://foodlandbalaklava.com.au//lines/helga-wrap-trad-wht-8pk-508gm
Foodland Balaklava,2025-05-04 23:54:42,Helga's Traditional Wholemeal Sliced Bread Mini Loaf,360g,was $4.00,$3.90,$1.08 per 100g,https://foodlandbalaklava.com.au//lines/helgas-mini-loaf-wholemeal-360gm
Foodland Balaklava,2025-05-04 23:54:42,Huggies Thick Baby Wipes 99% Purified Water 72 Pack,N/A,was $5.90,$3.00,$4.17 Units100,https://foodlandbalaklava.com.au//lines/huggies-ult-b-wipe-h20-rfl-72s
Foodland Balaklava,2025-05-04 23:54:42,Impulse Body Spray Aerosol Deodorant Illusions,75mL,N/A,$6.30,$8.40 per 100mL,https://foodlandbalaklava.com.au//lines/impulse-spray-illusions-57gm
Foodland Balaklava,2025-05-04 23:54:42,Impulse Body Spray Aerosol Deodorant Wanderlust,75mL,N/A,$6.30,$8.40 per 100mL,https://foodlandbalaklava.com.au//lines/impulse-spray-wndrlust-75ml
Foodland Balaklava,2025-05-04 23:54:42,Ingham's Four Chicken Kyivs Creamy Garlic,600g,N/A,$11.50,$19.17 per kg,https://foodlandbalaklava.com.au//lines/ingham-chic-duet-garlic-600gm
Foodland Balaklava,2025-05-04 23:54:42,Jalna Natural Greek Yoghurt,480g,was $5.20,$4.95,$1.03 per 100g,https://foodlandbalaklava.com.au//lines/jalna-nat-grk-ygt-480g
Foodland Balaklava,2025-05-04 23:54:42,Jarrah Hot Chocolate Classic Can,322g,N/A,$10.00,$31.06 per L,https://foodlandbalaklava.com.au//lines/jarrah-drk-hot-chocolate-322g
Foodland Balaklava,2025-05-04 23:54:42,John West Tuna Tempter Sweet Corn & Mayonnaise,95g,N/A,$2.70,$28.42 per kg,https://foodlandbalaklava.com.au//lines/j-west-tuna-mayo-corn-95gm
Foodland Balaklava,2025-05-04 23:54:42,Kellogg's Crunchy Nut Corn Flakes,380g,N/A,$7.00,$1.84 per 100g,https://foodlandbalaklava.com.au//lines/kell-crunchy-nut-c-flakes380gm
Foodland Balaklava,2025-05-04 23:54:42,Kellogg's Froot Loops Cereal,460g,was $10.50,$8.00,$1.74 per 100g,https://foodlandbalaklava.com.au//lines/kell-froot-loops-460gm
Foodland Balaklava,2025-05-04 23:54:43,Kettle Chips Hnysoy Chick165gm,N/A,N/A,$6.00,$3.64 per 100g,https://foodlandbalaklava.com.au//lines/kettle-chips-hnysoy-chick165gm
Foodland Balaklava,2025-05-04 23:54:43,Kirks-Ko Kirks Sugar Free Pasito Passionfruit Multipack Cans Soft Drink,10 x 375mL,was $15.75,$13.75,$3.67 per L,https://foodlandbalaklava.com.au//lines/kirks-pasito-s-free-10x375ml
Foodland Balaklava,2025-05-04 23:54:43,La Famiglia Stone Baked Garlic Bread Sourdough 9 Serves,480g,was $8.40,$7.00,$1.46 per 100g,https://foodlandbalaklava.com.au//lines/la-famiglia-sb-s-dgh-garl480gm
Foodland Balaklava,2025-05-04 23:54:43,Leggo's Pasta Bake Creamy Tomato & Mozzarella,500g,N/A,$4.30,$0.86 per 100g,https://foodlandbalaklava.com.au//lines/leggos-psta-bke-crm-tm-mz500gm
Foodland Balaklava,2025-05-04 23:54:43,Lindt Excellence Mint Intense,100g,was $7.30,$5.95,$5.95 per 100g,https://foodlandbalaklava.com.au//lines/lindt-excel-intense-mint-100gm
Foodland Balaklava,2025-05-04 23:54:43,Lion Custard Powder,375g,N/A,$3.90,$1.04 per 100g,https://foodlandbalaklava.com.au//lines/lion-custard-powder-375gm
Foodland Balaklava,2025-05-04 23:54:43,Lipton Quality Black Tea Bags 100's,N/A,N/A,$7.00,$3.50 per 100g,https://foodlandbalaklava.com.au//lines/lipt-t-bag-blk-tea-quality100s-1
Foodland Balaklava,2025-05-04 23:54:43,Love Beets Beetroot Baby,250g,N/A,$4.90,$19.60 per kg,https://foodlandbalaklava.com.au//lines/beetroot-baby-250g-1
Foodland Balaklava,2025-05-04 23:54:43,Lurpak Butter Spreadable Slightly Salted,250g,N/A,$6.00,$2.40 per 100g,https://foodlandbalaklava.com.au//lines/lurpak-bttr-tub-salted-250gm
Foodland Balaklava,2025-05-04 23:54:43,Maggi 2-Minute Noodles Noodles Beef Multipack,74g,was $5.00,$4.10,$1.11 per 100g,https://foodlandbalaklava.com.au//lines/maggi-2-min-ndl-beef-5x74gm
Foodland Balaklava,2025-05-04 23:54:43,Masterfoods Finely Chopped Ginger,160g,N/A,$4.20,$26.25 per kg,https://foodlandbalaklava.com.au//lines/mf-ginger-fresh-chopped-160gm
Foodland Balaklava,2025-05-04 23:54:43,Mccain Healthy Choice Creamy Chicken Carbonara,300g,was $5.25,$4.50,$1.50 per 100g,https://foodlandbalaklava.com.au//lines/mcc-h-choice-chic-carbonar300g
Foodland Balaklava,2025-05-04 23:54:43,Mccain Healthy Choice Honey Stirfry Chicken,330g,was $5.25,$4.50,$1.36 per 100g,https://foodlandbalaklava.com.au//lines/mcc-h-choice-chic-hny-s-f330gm
Foodland Balaklava,2025-05-04 23:54:43,Mccain Lil' Pizzas Mini Ham & Cheese 4 Pack,400g,was $7.80,$7.20,$1.80 per 100g,https://foodlandbalaklava.com.au//lines/mcc-pizza-chs-bacon-sngl-400gm
Foodland Balaklava,2025-05-04 23:54:43,Mccain Man Size Southern Style Chicken,480g,was $10.00,$8.60,$1.79 per 100g,https://foodlandbalaklava.com.au//lines/mcc-m-sze-sth-style-chkn-480gm
Foodland Balaklava,2025-05-04 23:54:43,Mccain Pizza Supreme,500g,N/A,$8.50,$1.70 per 100g,https://foodlandbalaklava.com.au//lines/mcc-pizza-supreme-500gm
Foodland Balaklava,2025-05-04 23:54:43,Mccain Pub Style Beer Battered Chunky Fries,750g,was $6.10,$5.70,$7.60 per kg,https://foodlandbalaklava.com.au//lines/mcc-beer-bat-thk-chnky-750gm
Foodland Balaklava,2025-05-04 23:54:43,Mediterranean Lamb Burger,N/A,N/A,$8.75,$18.23 per kg,https://foodlandbalaklava.com.au//lines/slapes-med-lamb-burg-480gm
Foodland Balaklava,2025-05-04 23:54:43,Menz Violet Crumble Dark,150g,N/A,$6.30,$4.20 per 100g,https://foodlandbalaklava.com.au//lines/violet-crumble-dark-150gm
Foodland Balaklava,2025-05-04 23:54:43,Mighty Soft Cafe Style Extra Thick Cut Raisin Toast Loaf,600g,N/A,$7.90,$1.32 per 100g,https://foodlandbalaklava.com.au//lines/mighty-soft-cafe-frt-loaf600gm
Foodland Balaklava,2025-05-04 23:54:43,Milky Way Milk Chocolate Fun Size Sharepack 28 Pieces,336g,N/A,$6.50,$1.93 per 100g,https://foodlandbalaklava.com.au//lines/milky-way-choc-whip-funs-336gm-1
Foodland Balaklava,2025-05-04 23:54:43,Mission Corn Chip Nachos,230g,N/A,$4.50,$1.96 per 100g,https://foodlandbalaklava.com.au//lines/mission-corn-chip-nachos-230g
Foodland Balaklava,2025-05-04 23:54:43,Mission Zesty Garlic & Herb Wraps,567g,was $5.80,$4.50,$0.79 per 100g,https://foodlandbalaklava.com.au//lines/mission-wraps-garl-herb-8pk
Foodland Balaklava,2025-05-04 23:54:43,Mushrooms Open X-Large,N/A,N/A,$1.73,$19.20 per kg,https://foodlandbalaklava.com.au//lines/mushrooms-open-x-large
Foodland Balaklava,2025-05-04 23:54:43,"Nature's Gift™ Adult All Breeds Loaf Chicken, Turkey & Vegetables Wet Dogfood",700g,N/A,$3.50,$0.50 per 100g,https://foodlandbalaklava.com.au//lines/nat-gift-d-fd-chc-tur-veg700gm
Foodland Balaklava,2025-05-04 23:54:43,Natures Delights Cashews Unsalted,500g,N/A,$13.50,$3.38 per 100g,https://foodlandbalaklava.com.au//lines/nocelle-cashews-unsalted-400gm
Foodland Balaklava,2025-05-04 23:54:43,Natures Organics Fruits Shampoo Wild Berry,500mL,was $2.10,$1.95,$0.39 per 100mL,https://foodlandbalaklava.com.au//lines/nat-org-s-poo-berry-500ml
Foodland Balaklava,2025-05-04 23:54:43,"Nature’​S Gift™ Adult All Breeds Meatballs With Chicken, Brown Rice And Garden Vegetables Chilled Dog Food",700g,N/A,$6.30,$0.90 per 100g,https://foodlandbalaklava.com.au//lines/n-gift-m-bll-chk-brn-rce-700gm
Foodland Balaklava,2025-05-04 23:54:43,Nescafe Vanilla Latte Coffee Sachets,10 x 18.5g,N/A,$8.00,$4.32 per 100g,https://foodlandbalaklava.com.au//lines/nescafe-sach-vanilla-10pk
Foodland Balaklava,2025-05-04 23:54:43,Nestle Nesquik® Chocolate Flavoured Milk Drink,500g,N/A,$7.90,$1.58 per 100g,https://foodlandbalaklava.com.au//lines/nes-nesquik-chocolate-500gm
Foodland Balaklava,2025-05-04 23:54:43,Nestle Nestlé Chocolate Mousse Dessert,124g,N/A,$2.80,$2.26 per 100g,https://foodlandbalaklava.com.au//lines/nes-mousse-choc-2x62gm
Foodland Balaklava,2025-05-04 23:54:43,Nestle Uncle Tobys Muesli Bars Chewy Choc Chip Value Pack X15,15 x 469g,N/A,$8.00,$1.71 per 100g,https://foodlandbalaklava.com.au//lines/u-toby-mues-b-c-chip-v-p-469gm
Foodland Balaklava,2025-05-04 23:54:43,Nice & Natural Mixed Berry Nut Bar,192g,N/A,$5.80,$3.02 per 100g,https://foodlandbalaklava.com.au//lines/nice-nat-n-bar-mxd-bry-6s192gm
Foodland Balaklava,2025-05-04 23:54:43,Nippy's Orange Juice 2,N/A,was $7.25,$7.20,$3.60 per L,https://foodlandbalaklava.com.au//lines/nippy-s-orange-juice-2lt
Foodland Balaklava,2025-05-04 23:54:43,Nocelle Cashews Salted,400g,N/A,$13.50,$3.38 per 100g,https://foodlandbalaklava.com.au//lines/nocelle-cashews-salted-400gm
Foodland Balaklava,2025-05-04 23:54:43,Nocelle Cranberries,500g,N/A,$7.99,$1.60 per 100g,https://foodlandbalaklava.com.au//lines/nocelle-cranberries-500g
Foodland Balaklava,2025-05-04 23:54:43,Nocelle Frt & Nut Rstd Mix,500g,N/A,$8.99,$1.80 per 100g,https://foodlandbalaklava.com.au//lines/nocelle-frt-nut-rstd-mix-500gm
Foodland Balaklava,2025-05-04 23:54:43,Nocelle Walnut Halves,300g,was $9.29,$6.50,$2.17 per 100g,https://foodlandbalaklava.com.au//lines/nocelle-walnut-halves-300gm
Foodland Balaklava,2025-05-04 23:54:43,North Star Smoked Salmon,100g,N/A,$9.00,$9.00 per 100g,https://foodlandbalaklava.com.au//lines/finest-smokd-salmon-100gm
Foodland Balaklava,2025-05-04 23:54:43,Nutella Hazelnut Chocolate Spread | Jar,400g,N/A,$7.05,$1.76 per 100g,https://foodlandbalaklava.com.au//lines/nutella-h-nut-choc-sprd-400gm
Foodland Balaklava,2025-05-04 23:54:43,Ocean Spray Drink Classic Cranberry Light,1.5L,was $6.70,$5.15,$3.43 per L,https://foodlandbalaklava.com.au//lines/o-spray-drk-crnbry-lte-pet1-5l
Foodland Balaklava,2025-05-04 23:54:43,On The Menu Entré​e Beef Lasagne,260g,N/A,$3.80,$1.46 per 100g,https://foodlandbalaklava.com.au//lines/o-menu-lasagna-beef-260gm
Foodland Balaklava,2025-05-04 23:54:43,Onions Red Pre Pack,1kg,N/A,$4.50,$4.50 per kg,https://foodlandbalaklava.com.au//lines/onions-red-pre-pack-1kg-2
Foodland Balaklava,2025-05-04 23:54:43,Pacific West Mega Value Pack Asian Banquet 64 Pieces,1kg,N/A,$13.65,$1.64 per 100g,https://foodlandbalaklava.com.au//lines/p-west-asian-banquet-1kg
Foodland Balaklava,2025-05-04 23:54:43,Pacific West Mega Value Pack Cocktail Spring Rolls 68 Pieces,1kg,N/A,$13.65,$1.64 per 100g,https://foodlandbalaklava.com.au//lines/p-west-cocktail-sprng-rolls1kg
Foodland Balaklava,2025-05-04 23:54:43,Pandaroo Cook Wine Sha #​375ml,N/A,was $4.30,$3.80,$1.01 per 100mL,https://foodlandbalaklava.com.au//lines/pandaroo-cook-wine-sha-375ml
Foodland Balaklava,2025-05-04 23:54:43,Parker's Baked Pretzels Original Salted,200g,was $5.05,$3.50,$1.75 per 100g,https://foodlandbalaklava.com.au//lines/parkers-pretzel-twist-200gm
Foodland Balaklava,2025-05-04 23:54:43,Pascall Marshmallows Pink White Lollies Large Bag,520g,N/A,$6.50,$1.25 per 100g,https://foodlandbalaklava.com.au//lines/pas-m-mallows-van-rspbry-520gm
Foodland Balaklava,2025-05-04 23:54:44,Pauls Custard Strawberry,70g,was $2.00,$1.50,$2.14 per 100g,https://foodlandbalaklava.com.au//lines/pauls-cust-str-bry-70gm
Foodland Balaklava,2025-05-04 23:54:44,Pauls Kids Vanilla Flavoured Bluey Yoghurt Pouch,70g,N/A,$1.20,$1.71 per 100g,https://foodlandbalaklava.com.au//lines/pauls-ygt-sqz-kid-van-70gm
Foodland Balaklava,2025-05-04 23:54:44,Pauls Vanilla Custard Snack Pack,6 x 150g,was $8.30,$7.20,$0.80 per 100g,https://foodlandbalaklava.com.au//lines/pauls-custard-vanilla-6x150gm
Foodland Balaklava,2025-05-04 23:54:44,Pepperoni Sliced,N/A,N/A,$34.00,N/A,https://foodlandbalaklava.com.au//lines/pepperoni-sliced
Foodland Balaklava,2025-05-04 23:54:44,Pepsi Max No Sugar Cola Soft Drink Cans Multipack,10 x 375mL,N/A,$19.00,$5.07 per L,https://foodlandbalaklava.com.au//lines/pepsi-max-cola-10x375ml
Foodland Balaklava,2025-05-04 23:54:44,Perfect Cheese Parmesan Block,200g,N/A,$7.90,$39.50 per kg,https://foodlandbalaklava.com.au//lines/perfect-chse-italiano-prm-200g
Foodland Balaklava,2025-05-04 23:54:44,Perfect Italiano Cheese Grated Parmesan,125g,was $4.75,$4.00,$32.00 per kg,https://foodlandbalaklava.com.au//lines/perfect-chse-parm-shred-125gm
Foodland Balaklava,2025-05-04 23:54:44,Perfect Italiano Mozzarella,150g,was $4.75,$4.00,$26.67 per kg,https://foodlandbalaklava.com.au//lines/perfect-chse-mozz-shrd-150gm
Foodland Balaklava,2025-05-04 23:54:44,Peters Ice Cream Original Neapolitan,2L,N/A,$5.50,$0.28 per 100mL,https://foodlandbalaklava.com.au//lines/peters-i-crm-orig-neapoltn-2l
Foodland Balaklava,2025-05-04 23:54:44,Pineapple Half,N/A,N/A,$3.75,N/A,https://foodlandbalaklava.com.au//lines/pineapple-half
Foodland Balaklava,2025-05-04 23:54:44,Pineapple Whole,N/A,N/A,$7.50,N/A,https://foodlandbalaklava.com.au//lines/pineapple-whole
Foodland Balaklava,2025-05-04 23:54:44,Pizza Rope Bacon & Cheese,N/A,N/A,$2.50,$2.94 per 100g,https://foodlandbalaklava.com.au//lines/pizza-rope-bacon-cheese
Foodland Balaklava,2025-05-04 23:54:44,Pop Fiction Sea Salt Popcorn,100g,was $3.49,$2.60,$3.25 per 100g,https://foodlandbalaklava.com.au//lines/pop-fiction-sea-salt-80g
Foodland Balaklava,2025-05-04 23:54:44,Poppin Microwave Popcorn Triple Butter Flavour Explosion,4 x 100g,was $7.35,$5.50,$1.38 per 100g,https://foodlandbalaklava.com.au//lines/poppin-m-w-p-corn-t-btr-400g
Foodland Balaklava,2025-05-04 23:54:44,Primo Thinly Sliced Roast Beef,80g,was $4.15,$3.95,$49.38 per kg,https://foodlandbalaklava.com.au//lines/primo-rst-beef-80gm
Foodland Balaklava,2025-05-04 23:54:44,Pringles Original Stacked Potato Chips,134g,was $5.80,$2.75,$2.05 per 100g,https://foodlandbalaklava.com.au//lines/pringles-chips-orig-134gm
Foodland Balaklava,2025-05-04 23:54:44,Pringles Salt & Vinegar Flavour,134g,was $5.80,$2.75,$2.05 per 100g,https://foodlandbalaklava.com.au//lines/pringles-chips-salt-vin-134gm
Foodland Balaklava,2025-05-04 23:54:44,Pringles Sour Cream & Onion,53g,N/A,$2.85,$5.38 per 100g,https://foodlandbalaklava.com.au//lines/pringles-chips-s-crm-on-53gm
Foodland Balaklava,2025-05-04 23:54:44,Pura Milk Carton,600mL,N/A,$1.89,$3.15 per L,https://foodlandbalaklava.com.au//lines/pura-milk-whole-600ml
Foodland Balaklava,2025-05-04 23:54:44,Purina Gravy Lovers,6 x 85g,was $8.95,$6.20,$1.22 per 100g,https://foodlandbalaklava.com.au//lines/purina-f-fst-grvy-lvr-chk6x85g
Foodland Balaklava,2025-05-04 23:54:44,Purina One Adult With Oceanfish In Gravy Wet Cat Food Pouch,12 x 70g,N/A,$17.85,$2.12 per 100g,https://foodlandbalaklava.com.au//lines/purina-one-c-f-ocn-fsh-12-x-70g
Foodland Balaklava,2025-05-04 23:54:44,Purina Salmon In Gravy Fancy Feast,6 x 85g,was $8.95,$6.20,$1.22 per 100g,https://foodlandbalaklava.com.au//lines/purina-f-fst-gril-salm-6-x-85g
Foodland Balaklava,2025-05-04 23:54:44,Raid One Shot Pest Multipurpose Insect Killer Odourless,320g,N/A,$9.45,$2.95 per 100mL,https://foodlandbalaklava.com.au//lines/raid-one-shot-mik-dbl-nzl320gm
Foodland Balaklava,2025-05-04 23:54:44,ROAST TURKEY SLICES,N/A,was $35.00,$27.90,N/A,https://foodlandbalaklava.com.au//lines/aldinga-turk-brst-rst-2x2-5kg-3
Foodland Balaklava,2025-05-04 23:54:44,Safcol Tuna Springwater,185g,was $2.90,$2.40,$12.97 per kg,https://foodlandbalaklava.com.au//lines/safcol-tuna-springwater-185gm
Foodland Balaklava,2025-05-04 23:54:44,San Remo Fresh Lasagna,375g,was $5.80,$4.95,$1.32 per 100g,https://foodlandbalaklava.com.au//lines/s-remo-trad-lasagna-egg-375gm
Foodland Balaklava,2025-05-04 23:54:44,San Remo La Pasta Carbonara,120g,was $2.75,$2.00,$1.67 per 100g,https://foodlandbalaklava.com.au//lines/la-past-carbonara-4srv-120gm
Foodland Balaklava,2025-05-04 23:54:44,San Remo La Pasta Chicken Curry,120g,was $2.75,$2.00,$1.67 per 100g,https://foodlandbalaklava.com.au//lines/la-past-chickn-curr-4srv-120gm
Foodland Balaklava,2025-05-04 23:54:44,San Remo Large Instant Lasagna,250g,was $3.15,$2.80,$1.12 per 100g,https://foodlandbalaklava.com.au//lines/s-remo-lasag-inst-lge-250gm
Foodland Balaklava,2025-05-04 23:54:44,San Remo No. 5 Spaghetti,500g,N/A,$2.95,$0.59 per 100g,https://foodlandbalaklava.com.au//lines/s-remo-spaghetti-no5-500gm
Foodland Balaklava,2025-05-04 23:54:44,Saxa® Table Salt Drum,750g,N/A,$4.75,$0.63 per 100g,https://foodlandbalaklava.com.au//lines/saxa-salt-plain-drum-750gm
Foodland Balaklava,2025-05-04 23:54:44,Schweppes Traditional Brown Creaming Soda Soft Drink Bottle,1.1L,was $3.20,$1.80,$1.64 per L,https://foodlandbalaklava.com.au//lines/schw-brn-crmy-soda-1-1l
Foodland Balaklava,2025-05-04 23:54:44,Schweppes Traditional Sarsaparilla Soft Drink Bottle Root Beer,1.1L,was $3.20,$1.80,$1.64 per L,https://foodlandbalaklava.com.au//lines/schw-sarsaparilla-1-1l
Foodland Balaklava,2025-05-04 23:54:44,Shallots Per Kg,N/A,N/A,$0.22,$10.80 per kg,https://foodlandbalaklava.com.au//lines/shallots-per-kg
Foodland Balaklava,2025-05-04 23:54:44,Slapes Tasty Rissoles,480g,N/A,$6.75,$14.06 per kg,https://foodlandbalaklava.com.au//lines/slapes-tasty-rissoles-480g
Foodland Balaklava,2025-05-04 23:54:44,Smith's Crinkle Cut Original Potato Chips,45g,was $2.00,$1.50,$3.33 per 100g,https://foodlandbalaklava.com.au//lines/smiths-crinkl-original-45gm
Foodland Balaklava,2025-05-04 23:54:44,Smith's Crinkle Cut Potato Chips Cheese & Onion,45g,was $2.00,$1.50,$3.33 per 100g,https://foodlandbalaklava.com.au//lines/smiths-crinkl-chse-onion-45gm
Foodland Balaklava,2025-05-04 23:54:44,Smith's Crinkle Cut Potato Chips Chicken,45g,was $2.00,$1.50,$3.33 per 100g,https://foodlandbalaklava.com.au//lines/smiths-crinkl-chicken-45gm
Foodland Balaklava,2025-05-04 23:54:44,Smith’​S Fun Mix Variety Multipack Potato Chips,375g,N/A,$7.50,$2.00 per 100g,https://foodlandbalaklava.com.au//lines/smiths-fun-mix-var-20pk-375gm
Foodland Balaklava,2025-05-04 23:54:44,Sorbent 3 Ply Double Length Toilet Paper - 4 Pack,N/A,was $7.35,$5.50,$0.38 per 100 Sheets,https://foodlandbalaklava.com.au//lines/sorbent-t-roll-d-lngth-whte4pk
Foodland Balaklava,2025-05-04 23:54:44,Sorbent Thick & Large Facial Tissues - 95 Sheets,N/A,was $2.40,$1.75,$1.84 Units100,https://foodlandbalaklava.com.au//lines/sorbent-tiss-thick-lrge-95s
Foodland Balaklava,2025-05-04 23:54:44,Squeaky Gate The All Rounder Extra Virgin Olive Oil,750mL,was $23.00,$20.10,$2.68 per 100mL,https://foodlandbalaklava.com.au//lines/squeaky-gate-all-rnd-olive-oil-750ml
Foodland Balaklava,2025-05-04 23:54:44,Steggles Chicken Dino Snacks Tempura,1kg,was $15.65,$11.50,$11.50 per kg,https://foodlandbalaklava.com.au//lines/steg-dinosnacks-1kg
Foodland Balaklava,2025-05-04 23:54:44,Suprima Rolls Crusty Euro 4pk,N/A,N/A,$4.00,$3.33 per 100g,https://foodlandbalaklava.com.au//lines/suprima-rolls-crusty-euro-4pk-1
Foodland Balaklava,2025-05-04 23:54:44,Tfi Beef Mince 4 Star,500g,N/A,$8.95,$17.90 per kg,https://foodlandbalaklava.com.au//lines/tfi-beef-mince-4-star-500g
Foodland Balaklava,2025-05-04 23:54:44,Thins Chips Light & Tangy,175g,was $5.25,$3.50,$2.00 per 100g,https://foodlandbalaklava.com.au//lines/thins-chip-lte-tangy-175gm
Foodland Balaklava,2025-05-04 23:54:44,Thins Sour Cream & Chives Generic Size,N/A,was $5.25,$3.50,$2.00 per 100g,https://foodlandbalaklava.com.au//lines/thins-chip-s-crm-chves-175gm
Foodland Balaklava,2025-05-04 23:54:44,Three Threes Spreadable Sandwich Pickles Sweet Mustard,390g,N/A,$3.20,$0.82 per 100g,https://foodlandbalaklava.com.au//lines/333-s-mustard-pckl-sprd-390gm
Foodland Balaklava,2025-05-04 23:54:45,Uncle Tobys Le Snak Snacks Cheddar 6pk,132g,was $5.80,$4.75,$3.60 per 100g,https://foodlandbalaklava.com.au//lines/u-toby-le-snak-nat-chse-132gm
Foodland Balaklava,2025-05-04 23:54:45,Uncle Tobys Le Snak Snacks Tasty 6pk,132g,was $5.80,$4.75,$3.60 per 100g,https://foodlandbalaklava.com.au//lines/u-toby-le-snak-t-chse-132gm
Foodland Balaklava,2025-05-04 23:54:45,Uncle Tobys Oats Quick Sachets Family Value Original Porridge 20pk,680g,N/A,$9.50,$1.40 per 100g,https://foodlandbalaklava.com.au//lines/u-toby-oat-quick-orig-20pk
Foodland Balaklava,2025-05-04 23:54:45,V8 Juice Breakfast,1.25L,N/A,$5.80,$4.64 per L,https://foodlandbalaklava.com.au//lines/camp-v8-brkfst-1-25l
Foodland Balaklava,2025-05-04 23:54:45,Vegemite,220g,N/A,$5.00,$2.27 per 100g,https://foodlandbalaklava.com.au//lines/vegemite-220gm-1
Foodland Balaklava,2025-05-04 23:54:45,Vegemite Collectors Edition,380g,was $8.00,$5.80,$1.53 per 100g,https://foodlandbalaklava.com.au//lines/vegemite-380gm-1
Foodland Balaklava,2025-05-04 23:54:45,Vilis Pasty Cornish,200g,was $5.30,$5.10,$2.55 per 100g,https://foodlandbalaklava.com.au//lines/vilis-pasty-cornish-200gm
Foodland Balaklava,2025-05-04 23:54:45,Violet Crumble,50g,was $2.65,$1.25,$2.50 per 100g,https://foodlandbalaklava.com.au//lines/violet-crumble-50gm
Foodland Balaklava,2025-05-04 23:54:45,Vitasoy Almond Double Espresso Milk,330mL,N/A,$3.80,$11.52 per L,https://foodlandbalaklava.com.au//lines/vitasoy-al-milk-dbl-expres-330ml
Foodland Balaklava,2025-05-04 23:54:45,Waterfords Lite & Fruity Sparkling Natural Mineral Water Lemon Lime Bitters,1L,N/A,$2.25,$2.25 per L,https://foodlandbalaklava.com.au//lines/w-fords-m-wtr-l-f-lem-l-b-1l
Foodland Balaklava,2025-05-04 23:54:45,Weightwatchers Chilli Con Carne,330g,N/A,$6.85,$2.08 per 100g,https://foodlandbalaklava.com.au//lines/w-watcher-chil-con-carne-330gm-1
Foodland Balaklava,2025-05-04 23:54:45,White Wings Hamburger Helper Seasoning Mix,110g,N/A,$4.00,$3.64 per 100g,https://foodlandbalaklava.com.au//lines/w-w-hamburger-helper-110gm
Foodland Balaklava,2025-05-04 23:54:45,Yoplait Petit Miam Yoghurt Blueberry,70g,was $1.70,$1.10,$1.57 per 100g,https://foodlandbalaklava.com.au//lines/yop-sqz-ygt-blueberry-70gm
Foodland Balaklava,2025-05-04 23:54:45,Yoplait Petit Miam Yoghurt Strawberry,70g,was $1.70,$1.10,$1.57 per 100g,https://foodlandbalaklava.com.au//lines/yop-sqz-ygt-str-bry-70gm
Foodland Balaklava,2025-05-04 23:54:45,Yp Beef Minute Steak Rw,N/A,N/A,$26.99,N/A,https://foodlandbalaklava.com.au//lines/yp-beef-minute-steak-rw-2
Foodland Balaklava,2025-05-04 23:54:45,Yp Country Times,N/A,N/A,$3.00,N/A,https://foodlandbalaklava.com.au//lines/the-country-times
Foodland Balaklava,2025-05-04 23:54:45,Zoosh Kickin' Coleslaw,300mL,was $4.05,$2.80,$0.93 per 100mL,https://foodlandbalaklava.com.au//lines/zoosh-drs-coleslaw-300ml
Foodland Balaklava,2025-05-04 23:54:45,Zoosh Onion & Bacon Dip,185g,was $3.70,$2.50,$1.35 per 100g,https://foodlandbalaklava.com.au//lines/kft-dip-onion-bacon-185gm
Foodland Balaklava,2025-05-04 23:54:45,Abbott's Bakery Dark Rye Bread,700g,was $6.50,$5.00,$0.71 per 100g,https://foodlandbalaklava.com.au//lines/abbotts-brd-dark-rye-700gm
Foodland Balaklava,2025-05-04 23:54:45,Abc Sweet Soy Sauce,620mL,N/A,$6.70,$1.08 per 100mL,https://foodlandbalaklava.com.au//lines/abc-sce-sweet-soy-620ml
Foodland Balaklava,2025-05-04 23:54:45,Aeroplane Jelly Raspberry,85g,N/A,$1.80,$2.12 per 100g,https://foodlandbalaklava.com.au//lines/aero-jelly-raspberry-85gm
Foodland Balaklava,2025-05-04 23:54:45,"Ajax Eco Multipurpose Cleaner, , Coconut And Lime Trigger Surface Spray, Powerful Biodegradable Formula",450mL,was $5.25,$3.00,$0.67 per 100mL,https://foodlandbalaklava.com.au//lines/ajax-eco-clnr-c-nut-lime-450ml
Foodland Balaklava,2025-05-04 23:54:45,Allen's Party Mix Lollies Bag,190g,was $5.25,$3.50,$1.84 per 100g,https://foodlandbalaklava.com.au//lines/allens-party-mix-190gm
Foodland Balaklava,2025-05-04 23:54:45,Allen's Retro Party Mix Lollies Bag,190g,was $5.25,$3.50,$1.84 per 100g,https://foodlandbalaklava.com.au//lines/allens-party-mix-retro-190gm
Foodland Balaklava,2025-05-04 23:54:45,Allen's Strawberries & Cream,190g,was $5.25,$3.50,$1.84 per 100g,https://foodlandbalaklava.com.au//lines/allens-strawberries-crm190gm
Foodland Balaklava,2025-05-04 23:54:45,Ally Pink Salmon,105g,N/A,$3.00,$28.57 per kg,https://foodlandbalaklava.com.au//lines/ally-salmon-pink-105gm
Foodland Balaklava,2025-05-04 23:54:45,Ally Pink Salmon,415g,was $8.40,$7.00,$16.87 per kg,https://foodlandbalaklava.com.au//lines/ally-salmon-pink-415gm
Foodland Balaklava,2025-05-04 23:54:45,Always Fresh Baby Cucumbers,350g,N/A,$4.85,$13.86 per kg,https://foodlandbalaklava.com.au//lines/a-frsh-baby-cucumbers-350gm
Foodland Balaklava,2025-05-04 23:54:45,Ardmona Crushed Vine Ripened Tomatoes,810g,was $4.10,$3.60,$4.44 per kg,https://foodlandbalaklava.com.au//lines/ard-tomatoes-crushed-810gm
Foodland Balaklava,2025-05-04 23:54:45,Arnott's Cruskits Crispbread Light,125g,N/A,$4.20,$3.36 per 100g,https://foodlandbalaklava.com.au//lines/arn-cruskits-98-f-free-125gm
Foodland Balaklava,2025-05-04 23:54:45,Arnott's Minis Chocolate Chip Cookies Multipack,175g,was $5.25,$4.00,$2.29 per 100g,https://foodlandbalaklava.com.au//lines/arn-ckies-mini-c-chip-mp-175gm
Foodland Balaklava,2025-05-04 23:54:45,Arnott's Mint Slice Chocolate Biscuits Family Pack,365g,N/A,$7.90,$2.16 per 100g,https://foodlandbalaklava.com.au//lines/arn-choc-mint-slice-v-pk-365gm
Foodland Balaklava,2025-05-04 23:54:45,Arnott's Shapes Fully Loaded Flame Grilled Chicken,130g,N/A,$4.00,$3.08 per 100g,https://foodlandbalaklava.com.au//lines/arn-shapes-f-ld-grl-chic-130gm
Foodland Balaklava,2025-05-04 23:54:45,Arnott's Teevee Snacks Chocolate Biscuits Original Chocolate,175g,was $5.80,$4.95,$2.83 per 100g,https://foodlandbalaklava.com.au//lines/arn-choc-tv-snk-original-175gm
Foodland Balaklava,2025-05-04 23:54:45,Arnott's Teevee Snacks Malt Sticks Chocolate Biscuits,175g,was $5.80,$4.95,$2.83 per 100g,https://foodlandbalaklava.com.au//lines/arn-choc-tv-snk-malt-stk-175gm
Foodland Balaklava,2025-05-04 23:54:45,Aussie Gold Bacon Short Rindless,400g,N/A,$10.00,$2.50 per 100g,https://foodlandbalaklava.com.au//lines/gold-short-rindless-smoked-bacon400g
Foodland Balaklava,2025-05-04 23:54:45,Ayam Thai Red Curry Paste,195g,N/A,$4.20,$2.15 per 100g,https://foodlandbalaklava.com.au//lines/ayam-curry-thai-red-195gm
Foodland Balaklava,2025-05-04 23:54:45,Baby Mum Mum Rice Rusks,36g,N/A,$3.15,$8.75 per 100g,https://foodlandbalaklava.com.au//lines/baby-mum-mum-rice-rusks-36gm
Foodland Balaklava,2025-05-04 23:54:45,Baby Potatoes M/​Wve,500g,N/A,$3.25,$6.50 per kg,https://foodlandbalaklava.com.au//lines/baby-potatoes-m-wve-500gm
Foodland Balaklava,2025-05-04 23:54:45,Baby Roma Truss Tomatoes,275g,N/A,$6.60,$26.40 per kg,https://foodlandbalaklava.com.au//lines/tomato-cherry-cktail-truss-250g-3
Foodland Balaklava,2025-05-04 23:54:45,Bakers Oven Creme Lamington,350g,N/A,$4.60,$1.31 per 100g,https://foodlandbalaklava.com.au//lines/b-ovn-lamington-cream-350gm
Foodland Balaklava,2025-05-04 23:54:45,Baker’​S Collection Custard Tarts,N/A,N/A,$6.30,$2.42 per 100g,https://foodlandbalaklava.com.au//lines/b-coll-custard-tarts-2pk-260g
Foodland Balaklava,2025-05-04 23:54:45,Baker’​S Oven Croissants,3 x 189g,N/A,$2.95,$1.56 per 100g,https://foodlandbalaklava.com.au//lines/b-ovn-croissant-3pk-189g
Foodland Balaklava,2025-05-04 23:54:45,Balducci Fusilli No. 56,500g,was $2.00,$1.75,$0.35 per 100g,https://foodlandbalaklava.com.au//lines/balducci-fusilli-56-500gm
Foodland Balaklava,2025-05-04 23:54:45,Balfours Fresh Footy Pie,170g,was $4.00,$3.40,$2.00 per 100g,https://foodlandbalaklava.com.au//lines/balfour-pie-footy-c-wrap-170gm
Foodland Balaklava,2025-05-04 23:54:45,Balfours Frozen Potato Pie,440g,was $8.60,$7.00,$1.59 per 100g,https://foodlandbalaklava.com.au//lines/balfours-pie-prem-potato-440gm
Foodland Balaklava,2025-05-04 23:54:45,Balfours Frozen Sausage Rolls 4pck,600g,N/A,$10.20,$1.70 per 100g,https://foodlandbalaklava.com.au//lines/balf-s-roll-trad-600gm
Foodland Balaklava,2025-05-04 23:54:45,Band-Aid Assorted Plastic Shapes 50 Pack,N/A,was $5.25,$4.10,$0.08 Each,https://foodlandbalaklava.com.au//lines/bandaid-plastic-shapes-50s
Foodland Balaklava,2025-05-04 23:54:47,Barossa Fine Foods Kabanos,220g,N/A,$6.00,$2.73 per 100g,https://foodlandbalaklava.com.au//lines/barossa-f-foods-kabana-2pk-220g
Foodland Balaklava,2025-05-04 23:54:47,Beef Rump Whole Rw,N/A,was $22.14 per kg,$60.00,$20.00 per kg,https://foodlandbalaklava.com.au//lines/beef-rump-budget-rw-1
Foodland Balaklava,2025-05-04 23:54:47,Beerenberg Strawberry Jam,300g,N/A,$6.20,$2.07 per 100g,https://foodlandbalaklava.com.au//lines/beerenbrg-jam-strwbry-300gm
Foodland Balaklava,2025-05-04 23:54:47,Bega Peanut Butter Crunchy,755g,N/A,$7.40,$0.98 per 100g,https://foodlandbalaklava.com.au//lines/bega-peanut-btr-crunchy-755gm
Foodland Balaklava,2025-05-04 23:54:47,Bega Peanut Butter Smooth,470g,was $7.25,$4.95,$1.05 per 100g,https://foodlandbalaklava.com.au//lines/bega-peanut-btr-smth-470gm
Foodland Balaklava,2025-05-04 23:54:47,Ben's Original Savoury Chicken Flavour Microwave Rice Pouch,250g,was $4.20,$3.60,$1.44 per 100g,https://foodlandbalaklava.com.au//lines/bens-orig-svry-chkn-flv-250gm
Foodland Balaklava,2025-05-04 23:54:47,Birds Eye Birdseye Deli Chips French Fry,600g,N/A,$6.30,$10.50 per kg,https://foodlandbalaklava.com.au//lines/b-eye-deli-f-fries-gar-hr600gm
Foodland Balaklava,2025-05-04 23:54:47,Birds Eye Chopped Spinach,250g,was $2.95,$2.20,$8.80 per kg,https://foodlandbalaklava.com.au//lines/b-eye-spinach-chopped-250gm
Foodland Balaklava,2025-05-04 23:54:47,Birds Eye Country Harvest Carrot Cauliflower Broccoli,500g,was $4.20,$3.50,$7.00 per kg,https://foodlandbalaklava.com.au//lines/b-eye-c-hrv-car-caul-broc500gm
Foodland Balaklava,2025-05-04 23:54:47,Birds Eye Deli Seas Chips Sea Salt Rosemary,600g,N/A,$6.30,$10.50 per kg,https://foodlandbalaklava.com.au//lines/b-eye-chips-s-salt-rsmry-600gm
Foodland Balaklava,2025-05-04 23:54:47,Black & Gold Canola Cooking Spray,400g,N/A,$3.00,$0.75 per 100g,https://foodlandbalaklava.com.au//lines/b-gold-oil-canola-spray-400gm
Foodland Balaklava,2025-05-04 23:54:47,Black & Gold Corn Kernels,400g,N/A,$1.20,$3.00 per kg,https://foodlandbalaklava.com.au//lines/b-gold-corn-kernel-400gm
Foodland Balaklava,2025-05-04 23:54:47,Black & Gold Cornflour,500g,N/A,$2.25,$4.50 per kg,https://foodlandbalaklava.com.au//lines/b-gold-cornflour-500gm
Foodland Balaklava,2025-05-04 23:54:47,Black & Gold Distilled Water,2L,N/A,$2.00,$0.10 per 100mL,https://foodlandbalaklava.com.au//lines/b-gold-distilled-water-2l
Foodland Balaklava,2025-05-04 23:54:47,Black & Gold French Onion Soup Mix,40g,N/A,$0.55,$1.38 per 100g,https://foodlandbalaklava.com.au//lines/b-gold-soup-french-onion-40g
Foodland Balaklava,2025-05-04 23:54:47,Black & Gold Self Raising Flour,1kg,N/A,$1.40,$1.40 per kg,https://foodlandbalaklava.com.au//lines/b-gold-flour-sr-1kg
Foodland Balaklava,2025-05-04 23:54:47,Black & Gold Serviettes 100,N/A,N/A,$0.95,$0.95 Units100,https://foodlandbalaklava.com.au//lines/b-gold-serv-white-100s
Foodland Balaklava,2025-05-04 23:54:47,Black And Gold Soup Chicken Noodle,50g,N/A,$0.55,$1.10 per 100g,https://foodlandbalaklava.com.au//lines/b-gold-soup-chicken-ndle-50gm
Foodland Balaklava,2025-05-04 23:54:47,"Bref Blue Active Flower, Rim Block Toilet Cleaner,",3 x 50g,was $13.65,$8.50,$5.67 per 100g,https://foodlandbalaklava.com.au//lines/bref-blue-act-flwr-blsm-3x50gm
Foodland Balaklava,2025-05-04 23:54:47,Bulla Low Fat Cottage Cheese Onion & Chives,200g,was $4.00,$3.80,$19.00 per kg,https://foodlandbalaklava.com.au//lines/bulla-cott-chs-on-chv-200gm
Foodland Balaklava,2025-05-04 23:54:47,Bulla Vanilla & Boysenberry Murray St Ice Cream,1L,N/A,$12.60,$1.26 per 100mL,https://foodlandbalaklava.com.au//lines/bulla-i-crm-m-st-van-bysnbry1l
Foodland Balaklava,2025-05-04 23:54:47,Buttercup Country Split White Sliced Bread,450g,was $4.25,$4.20,$0.93 per 100g,https://foodlandbalaklava.com.au//lines/b-cup-brd-c-split-white-450gm
Foodland Balaklava,2025-05-04 23:54:47,Cadbury Baking Chips Dark Chocolate,200g,was $6.30,$5.85,$2.92 per 100g,https://foodlandbalaklava.com.au//lines/cad-cook-choc-dark-chip-200gm
Foodland Balaklava,2025-05-04 23:54:47,Cadbury Caramilk Marble,173g,was $8.00,$5.50,$3.18 per 100g,https://foodlandbalaklava.com.au//lines/cad-choc-caramilk-marble-173gm
Foodland Balaklava,2025-05-04 23:54:47,Cadbury Crunchie - Delisted,50g,was $2.65,$2.05,$4.10 per 100g,https://foodlandbalaklava.com.au//lines/cad-crunchie-bar-2286-50gm
Foodland Balaklava,2025-05-04 23:54:47,Cadbury Picnic Chocolate Sharepack,180g,was $7.00,$6.20,$3.44 per 100g,https://foodlandbalaklava.com.au//lines/cad-picnic-share-pack-180gm
Foodland Balaklava,2025-05-04 23:54:47,Cadbury’​S Milk Chocolate Gift Box,200g,was $12.60,$6.00,$3.00 per 100g,https://foodlandbalaklava.com.au//lines/cad-choc-d-milk-gift-box-200gm
Foodland Balaklava,2025-05-04 23:54:47,Caltrate 600 Mg With 500iu Vitamin D 60 Tablets,N/A,N/A,$13.65,$22.75 Units100,https://foodlandbalaklava.com.au//lines/caltrate-with-vitamin-d-60s
Foodland Balaklava,2025-05-04 23:54:47,Campbell's Condensed Soup Vegetable & Beef,420g,N/A,$1.95,$0.46 per 100g,https://foodlandbalaklava.com.au//lines/camp-soup-vegetable-beef-420gm
Foodland Balaklava,2025-05-04 23:54:47,Campbell's Real Stock Chicken Stock,500mL,was $2.90,$2.60,$0.52 per 100mL,https://foodlandbalaklava.com.au//lines/camp-real-stock-chicken-500ml
Foodland Balaklava,2025-05-04 23:54:47,Capilano Natural Australian Honey,375g,was $7.55,$5.90,$1.57 per 100g,https://foodlandbalaklava.com.au//lines/capilano-honey-sqz-clear-375gm
Foodland Balaklava,2025-05-04 23:54:47,Capilano Pure Honey,500g,N/A,$9.05,$1.81 per 100g,https://foodlandbalaklava.com.au//lines/capilano-honey-clear-ud-500gm
Foodland Balaklava,2025-05-04 23:54:47,Captain's Table Classic Water Crackers,125g,N/A,$2.30,$1.84 per 100g,https://foodlandbalaklava.com.au//lines/nab-capt-table-classic-125gm
Foodland Balaklava,2025-05-04 23:54:47,Carefree Breathable Unscented Liners 48 Pack,N/A,was $7.35,$6.60,$0.14 Each,https://foodlandbalaklava.com.au//lines/carefree-p-liners-breath-48s
Foodland Balaklava,2025-05-04 23:54:47,Celery Pieces Per Kg,N/A,N/A,$14.99,N/A,https://foodlandbalaklava.com.au//lines/celery-pieces-per-kg
Foodland Balaklava,2025-05-04 23:54:47,Chickadees Chicken Flavoured Snacks,N/A,was $4.75,$3.50,$3.07 per 100g,https://foodlandbalaklava.com.au//lines/chickadees-chic-snk-mp6-114gm
Foodland Balaklava,2025-05-04 23:54:47,Chicken Kebabs Garlic Herb,N/A,N/A,$1.99,$1.99 per kg,https://foodlandbalaklava.com.au//lines/chicken-kebabs-garlic-herb
Foodland Balaklava,2025-05-04 23:54:47,Chobani Fit High Protein Greek Yogurt Tropical,160g,N/A,$2.80,$1.75 per 100g,https://foodlandbalaklava.com.au//lines/ch-fit-tropical-tub-160gm
Foodland Balaklava,2025-05-04 23:54:47,Cobram Estate Extra Virgin Olive Oil Classic,375mL,N/A,$13.00,$3.47 per 100mL,https://foodlandbalaklava.com.au//lines/cobran-o-oil-x-v-p-lab375m
Foodland Balaklava,2025-05-04 23:54:47,Cobram Estate Light & Delicate Extra Virgin Olive Oil Spray,225g,N/A,$10.00,$4.44 per 100g,https://foodlandbalaklava.com.au//lines/cobram-olive-oil-spray-225g
Foodland Balaklava,2025-05-04 23:54:47,Coca-Cola Vanilla Soft Drink Bottle,1.25L,was $4.00,$2.40,$1.92 per L,https://foodlandbalaklava.com.au//lines/vanilla-coke-1-25l
Foodland Balaklava,2025-05-04 23:54:47,Coca-Cola Vanilla Soft Drink Bottle,2L,was $5.45,$4.20,$2.10 per L,https://foodlandbalaklava.com.au//lines/vanilla-coke-2l
Foodland Balaklava,2025-05-04 23:54:47,Coca-Cola Zero Sugar Soft Drink Bottle,1.25L,was $4.00,$2.40,$1.92 per L,https://foodlandbalaklava.com.au//lines/coca-cola-n-sug-1-25l
Foodland Balaklava,2025-05-04 23:54:47,Cold Power Laundry Detergent Extreme Clean,2L,was $25.20,$21.70,$10.85 per L,https://foodlandbalaklava.com.au//lines/cold-pwr-l-liq-xtrme-cln-2l
Foodland Balaklava,2025-05-04 23:54:47,COLESLAW SALAD RW,N/A,N/A,$12.00,N/A,https://foodlandbalaklava.com.au//lines/s-fresh-coleslaw-rw-1
Foodland Balaklava,2025-05-04 23:54:47,Community & Co Marmalade Orange,500g,N/A,$2.80,$0.56 per 100g,https://foodlandbalaklava.com.au//lines/comm-co-marmalade-org-500gm
Foodland Balaklava,2025-05-04 23:54:47,Community Co Diced Peaches In Juice,4 x 125g,N/A,$2.70,$5.40 per kg,https://foodlandbalaklava.com.au//lines/comm-co-dcd-pch-in-jce-4x125gm
Foodland Balaklava,2025-05-04 23:54:47,Community Co Easter Buns,N/A,N/A,$4.00,$0.83 per 100g,https://foodlandbalaklava.com.au//lines/comm-co-easter-buns-frtles-6pk-1
Foodland Balaklava,2025-05-04 23:54:48,Community Co Greek Style Yoghurt,1kg,N/A,$4.20,$0.42 per 100g,https://foodlandbalaklava.com.au//lines/comm-co-ygt-greek-style-1kg
Foodland Balaklava,2025-05-04 23:54:48,Community Co Kaleslaw Salad Kit,400g,was $6.50,$3.35,$8.38 per kg,https://foodlandbalaklava.com.au//lines/comm-co-kaleslaw-kit-dressing-400gm
Foodland Balaklava,2025-05-04 23:54:48,Community Co Lactose Free Full Cream Milk,1L,N/A,$2.55,$2.55 per L,https://foodlandbalaklava.com.au//lines/comm-co-milk-lact-fr-fl-crm-1l
Foodland Balaklava,2025-05-04 23:54:48,Community Co Multi-Purpose Surface Wipes 50pk,N/A,N/A,$2.25,$0.04 Each,https://foodlandbalaklava.com.au//lines/comm-co-wipes-c-f-mult-purp50s
Foodland Balaklava,2025-05-04 23:54:48,Community Co Peach Slices In Juice,410g,N/A,$2.15,$5.24 per kg,https://foodlandbalaklava.com.au//lines/comm-co-peach-slc-jce-410gm
Foodland Balaklava,2025-05-04 23:54:48,Community Co Rice Bran Oil,500mL,N/A,$3.80,$0.76 per 100mL,https://foodlandbalaklava.com.au//lines/comm-co-oil-rice-bran-500ml
Foodland Balaklava,2025-05-04 23:54:48,Community Co Turkish Long,400g,N/A,$3.70,$0.92 per 100g,https://foodlandbalaklava.com.au//lines/comm-co-trksh-pide-lng-400g
Foodland Balaklava,2025-05-04 23:54:48,Community Co Unsweetened Almond Milk,1L,N/A,$2.00,$2.00 per L,https://foodlandbalaklava.com.au//lines/comm-co-milk-almond-1l
Foodland Balaklava,2025-05-04 23:54:48,Community Co Wipes Clean Freak Bathroom 50pk,N/A,N/A,$2.25,$0.04 Each,https://foodlandbalaklava.com.au//lines/comm-co-wipes-c-f-bthrm-50s
Foodland Balaklava,2025-05-04 23:54:48,Community Co. Frozen Garlic Bread,225g,N/A,$2.45,$1.09 per 100g,https://foodlandbalaklava.com.au//lines/comm-co-bread-garlic-fzn-225gm
Foodland Balaklava,2025-05-04 23:54:48,Community Co. Mustard Dijon,190g,N/A,$2.85,$1.50 per 100g,https://foodlandbalaklava.com.au//lines/comm-co-mustard-dijon-190gm
Foodland Balaklava,2025-05-04 23:54:48,Community Co. Sun Dried Tomato Strips,280g,N/A,$3.60,$12.86 per kg,https://foodlandbalaklava.com.au//lines/comm-co-tom-s-drd-strips-280gm
Foodland Balaklava,2025-05-04 23:54:48,Continental Classics Alfredo Pasta & Sauce Family Pack,145g,was $4.00,$2.75,$1.90 per 100g,https://foodlandbalaklava.com.au//lines/cont-pasta-s-alfredo-v-pk145gm
Foodland Balaklava,2025-05-04 23:54:48,Continental Classics Chicken Rice,190g,was $4.20,$2.75,$1.45 per 100g,https://foodlandbalaklava.com.au//lines/cont-rice-chicken-v-pack-190gm
Foodland Balaklava,2025-05-04 23:54:48,Continental Classics Creamy Pasta Sauce Creamy Bacon Carbonara Family Pack,145g,was $4.00,$2.75,$1.90 per 100g,https://foodlandbalaklava.com.au//lines/cont-pasta-s-bcn-crb-v-pk145gm
Foodland Balaklava,2025-05-04 23:54:48,Continental Classics Cup A Soup Creamy Chicken With Lots Of Noodles,60g,was $2.95,$1.40,$2.33 per 100g,https://foodlandbalaklava.com.au//lines/cupasoup-lots-ndl-crm-chk-2srv
Foodland Balaklava,2025-05-04 23:54:48,Continental Classics Recipe Base Chow Mein Mince,30g,was $1.90,$1.80,$0.60 per 10g,https://foodlandbalaklava.com.au//lines/cont-r-mix-chow-mein-mince30gm
Foodland Balaklava,2025-05-04 23:54:48,Continental Classics Stock Powder Adds A Rich Flavour To Your Cooking Chicken Stock With Real Chicken Base,130g,was $4.20,$3.10,$0.24 per 10g,https://foodlandbalaklava.com.au//lines/cont-stock-pwdr-chicken-130gm
Foodland Balaklava,2025-05-04 23:54:48,Cottees Zero Sugar Cordial Rasberry,1L,was $5.90,$2.95,$2.95 per L,https://foodlandbalaklava.com.au//lines/cott-cord-raspberry-z-sgr-1l
Foodland Balaklava,2025-05-04 23:54:48,Cottee’​S Chocolate Ice Magic,220g,N/A,$5.80,$2.64 per 100g,https://foodlandbalaklava.com.au//lines/cott-ice-magic-chocolate-220gm-1
Foodland Balaklava,2025-05-04 23:54:48,Cream Thickened,300mL,was $3.70,$3.50,$1.17 per 100mL,https://foodlandbalaklava.com.au//lines/bulla-cream-thickened-300ml
Foodland Balaklava,2025-05-04 23:54:48,D/​Dale Cheese Slices,500g,N/A,$7.90,$15.80 per kg,https://foodlandbalaklava.com.au//lines/d-dale-chse-s-wch-slc-500gm
Foodland Balaklava,2025-05-04 23:54:48,Dairy Farmers Thick & Creamy Yoghurt Mango & Passionfruit,600g,was $5.80,$5.15,$0.86 per 100g,https://foodlandbalaklava.com.au//lines/d-farm-ygt-t-crmy-mng-p-f600gm
Foodland Balaklava,2025-05-04 23:54:48,Dairy Whip Aerosol Cream,250g,N/A,$7.15,$2.86 per 100g,https://foodlandbalaklava.com.au//lines/tatua-dairy-whip-crm-250gm
Foodland Balaklava,2025-05-04 23:54:48,Dettol Healthy Touch Liquid Antibacterial Instant Hand Sanitiser,200mL,N/A,$7.90,$3.95 per 100mL,https://foodlandbalaklava.com.au//lines/dettol-hand-sanitizer-200ml
Foodland Balaklava,2025-05-04 23:54:48,Devour® Smoky Beef Chilli Mac,400g,was $8.40,$7.75,$1.94 per 100g,https://foodlandbalaklava.com.au//lines/devour-chili-mac-smky-bf-400gm
Foodland Balaklava,2025-05-04 23:54:48,Dole Pineapple Slices In Juice Canned,432g,was $3.20,$2.50,$0.58 per 100g,https://foodlandbalaklava.com.au//lines/dole-pineapple-slices-jc-432gm
Foodland Balaklava,2025-05-04 23:54:48,Don® Mild Hungarian Salami Thinly Sliced,160g,was $6.95,$5.00,$31.25 per kg,https://foodlandbalaklava.com.au//lines/don-salami-hung-mld-slcd-160gm
Foodland Balaklava,2025-05-04 23:54:48,Doritos Original Salted Corn Chips Party Pack,380g,was $9.45,$4.45,$1.17 per 100g,https://foodlandbalaklava.com.au//lines/doritos-c-chip-original-380gm
Foodland Balaklava,2025-05-04 23:54:48,Dove Daily Care Shampoo For Fine And Flat Hair With Bio-Restore Complex For 95% More Volume,350mL,N/A,$9.45,$2.70 per 100mL,https://foodlandbalaklava.com.au//lines/dove-s-poo-daily-care-350ml
Foodland Balaklava,2025-05-04 23:54:48,Drano Kitchen Max Gel Drain Cleaner,770mL,was $17.55,$15.00,$1.95 per 100mL,https://foodlandbalaklava.com.au//lines/drano-drain-gel-kitchen-770ml
Foodland Balaklava,2025-05-04 23:54:48,Eclipse Peppermint Flavoured Sugar Free Mints Tin,40g,was $4.20,$3.60,$9.00 per 100g,https://foodlandbalaklava.com.au//lines/wrig-eclipse-mnt-p-mnt-40gm
Foodland Balaklava,2025-05-04 23:54:48,Edgell Creamed Corn,420g,was $2.30,$1.95,$4.64 per kg,https://foodlandbalaklava.com.au//lines/edg-corn-creamed-420gm
Foodland Balaklava,2025-05-04 23:54:48,Edgell Super Sweet Corn Kernels Value Pack,4 x 125g,N/A,$3.80,$7.60 per kg,https://foodlandbalaklava.com.au//lines/edg-corn-suprswt-mlt-pk4x125gm
Foodland Balaklava,2025-05-04 23:54:48,Emmalines Cornflake Biscuits,350g,was $9.50,$8.75,$2.50 per 100g,https://foodlandbalaklava.com.au//lines/e-line-c-k-bisc-c-flake-350gm
Foodland Balaklava,2025-05-04 23:54:48,Equal Sweetener Sachets,100g,N/A,$6.95,$0.07 Each,https://foodlandbalaklava.com.au//lines/equal-sweetener-sachets-100s
Foodland Balaklava,2025-05-04 23:54:48,F/​Land Brd Roll Hot Dog 6pk,N/A,was $4.20,$3.70,$0.62 Each,https://foodlandbalaklava.com.au//lines/f-land-hot-dog-roll-6pk
Foodland Balaklava,2025-05-04 23:54:48,Fancy Feast Adult Medleys Wild Salmon Florentine With Garden Greens In A Delicate Sauce Wet Cat Food,85g,was $2.40,$2.15,$2.53 per 100g,https://foodlandbalaklava.com.au//lines/purina-f-fst-med-flor-sal-85gm-1
Foodland Balaklava,2025-05-04 23:54:48,Fancy Feast Adult Petite Delights Salmon Tuna & Chicken Grilled Wet Cat Food,6 x 50g,was $6.60,$5.50,$1.83 per 100g,https://foodlandbalaklava.com.au//lines/purina-f-fst-pt-sl-tn-ch6x50gm
Foodland Balaklava,2025-05-04 23:54:48,Fancy Feast Adult Petite Delights Tuna Salmon & Cod Grilled Wet Cat Food,6 x 50g,was $6.60,$5.50,$1.83 per 100g,https://foodlandbalaklava.com.au//lines/purina-f-fst-pc-tn-sl-cd6x50gm-1
Foodland Balaklava,2025-05-04 23:54:48,Fanta Orange Soft Drink Multipack Cans,24 x 375mL,was $43.30,$22.50,$2.50 per L,https://foodlandbalaklava.com.au//lines/fanta-orange-24x375ml
Foodland Balaklava,2025-05-04 23:54:48,Fantastic Rice Crackers Barbeque Chicken,100g,N/A,$2.50,$2.50 per 100g,https://foodlandbalaklava.com.au//lines/fantastic-rcrkr-bbq-chc-100g
Foodland Balaklava,2025-05-04 23:54:48,Farmers Choice Basil,20g,N/A,$3.29,N/A,https://foodlandbalaklava.com.au//lines/f-choice-pp-herb-basil-30g
Foodland Balaklava,2025-05-04 23:54:48,Felix Adult As Good As It Looks™ Ocean Menus In Jelly Wet Cat Food,12 x 85g,was $15.25,$9.00,$0.88 per 100g,https://foodlandbalaklava.com.au//lines/purina-felix-ocean-menu12x85gm
Foodland Balaklava,2025-05-04 23:54:48,Ferguson Garfish,200g,N/A,$20.50,$102.50 per kg,https://foodlandbalaklava.com.au//lines/ferguson-garfish-fillets-200g
Foodland Balaklava,2025-05-04 23:54:48,Flora Sprd Buttery,1kg,was $9.40,$7.90,$0.79 per 100g,https://foodlandbalaklava.com.au//lines/flora-sprd-buttery-1kg
Foodland Balaklava,2025-05-04 23:54:48,FOODLAND LEMONADE,1.25L,was $1.75,$1.50,$1.20 per L,https://foodlandbalaklava.com.au//lines/f-land-lemonade-1-25l
Foodland Balaklava,2025-05-04 23:54:48,Fountain® Barbecue Sauce,2L,N/A,$6.00,$0.30 per 100mL,https://foodlandbalaklava.com.au//lines/fount-sce-bbq-v-pack-2l
Foodland Balaklava,2025-05-04 23:54:49,Four 'N Twenty Angus Beef Cheese And Bacon Pie 4 Pack,N/A,was $12.60,$11.25,$1.61 per 100g,https://foodlandbalaklava.com.au//lines/4-n-20-pie-ang-bf-ch-bc700gm
Foodland Balaklava,2025-05-04 23:54:49,G-Fresh Pineapple Pieces In Light Syrup,440g,N/A,$3.19,$7.25 per kg,https://foodlandbalaklava.com.au//lines/gfresh-p-apple-pieces-syrup-440g
Foodland Balaklava,2025-05-04 23:54:49,Gastro-Stop Capsules 2mg Loperamide X 8,N/A,was $9.45,$8.95,$1.12 Each,https://foodlandbalaklava.com.au//lines/gastrostop-loprmide-caps-8s
Foodland Balaklava,2025-05-04 23:54:49,Gawler South Bakery Apricot Square,180g,N/A,$5.00,$2.78 per 100g,https://foodlandbalaklava.com.au//lines/gsb-apricot-square-180g
Foodland Balaklava,2025-05-04 23:54:49,Gawler South Bakery Chocolate Donut,115g,N/A,$4.00,$3.48 per 100g,https://foodlandbalaklava.com.au//lines/gsb-chocolate-donut-115g
Foodland Balaklava,2025-05-04 23:54:49,Gawler South Bakery Chunky Steak Pie Plate,880g,N/A,$12.50,$1.42 per 100g,https://foodlandbalaklava.com.au//lines/gsb-chunky-steak-pie-plate-880g
Foodland Balaklava,2025-05-04 23:54:49,Gippsland Dairy Choc Fudge Honeycomb,140g,N/A,$4.05,$2.89 per 100g,https://foodlandbalaklava.com.au//lines/gippsland-mix-ins-choc-fudge-hnycmb-140g
Foodland Balaklava,2025-05-04 23:54:49,Glad Wavetop Tie Tidy Bags Small,50 x 18L,was $4.75,$3.90,$0.10 Each,https://foodlandbalaklava.com.au//lines/glad-k-tidy-bag-wtop-rl-med-40
Foodland Balaklava,2025-05-04 23:54:49,Glad Wrap 30 Metres X 33cm 33cm,N/A,N/A,$3.40,$0.01 per cm,https://foodlandbalaklava.com.au//lines/glad-wrap-33cmx30m
Foodland Balaklava,2025-05-04 23:54:49,Golden Circle® Apple Splash Fruit Drink,6 x 250mL,was $5.10,$4.50,$3.00 per L,https://foodlandbalaklava.com.au//lines/g-circ-drk-apple-6x250ml
Foodland Balaklava,2025-05-04 23:54:49,Golden Circle® Australian Pineapple Slices In Juice,440g,was $4.60,$3.70,$8.41 per kg,https://foodlandbalaklava.com.au//lines/g-circ-pine-sliced-n-jce-440gm
Foodland Balaklava,2025-05-04 23:54:49,Golden Circle® Lemon Cordial,2L,was $5.80,$4.50,$2.25 per L,https://foodlandbalaklava.com.au//lines/g-circ-cord-lemon-2l
Foodland Balaklava,2025-05-04 23:54:49,Golden Circle® Pine Orange Juice,2L,was $5.05,$3.90,$1.95 per L,https://foodlandbalaklava.com.au//lines/g-circ-jce-pet-pine-orange-2l
Foodland Balaklava,2025-05-04 23:54:49,Golden Circle® Sunshine Punch Fruit Drink,6 x 250mL,was $5.10,$4.50,$3.00 per L,https://foodlandbalaklava.com.au//lines/g-circ-drk-sun-punch-tet6x250m
Foodland Balaklava,2025-05-04 23:54:49,Golden Crumpets Wholemeal 6pk,N/A,N/A,$4.60,$1.53 per 100g,https://foodlandbalaklava.com.au//lines/golden-crumpets-wholemeal-pk6
Foodland Balaklava,2025-05-04 23:54:49,Greenseas® Tuna Lemon Pepper,95g,was $2.77,$1.30,$13.68 per kg,https://foodlandbalaklava.com.au//lines/greenseas-tuna-lem-pepper-95gm
Foodland Balaklava,2025-05-04 23:54:49,H/​Garden Porridge Oats W/​Grain,900g,N/A,$5.50,$0.61 per 100g,https://foodlandbalaklava.com.au//lines/h-gardn-porridge-oats-whlgrain-900gm
Foodland Balaklava,2025-05-04 23:54:49,Hamburger Roll 6pk,N/A,N/A,$4.20,N/A,https://foodlandbalaklava.com.au//lines/hamburger-roll-6pk
Foodland Balaklava,2025-05-04 23:54:49,Handee Ultra Double Length - 2 Pack,N/A,was $6.30,$4.95,$2.06 per 100 Sheets,https://foodlandbalaklava.com.au//lines/handee-towel-ult-wht-db-roll2s
Foodland Balaklava,2025-05-04 23:54:49,Happy Donut Co Strawberry 4pk,N/A,N/A,$6.30,$2.74 per 100g,https://foodlandbalaklava.com.au//lines/h-dnt-donut-strwbry-4pk-230gm
Foodland Balaklava,2025-05-04 23:54:49,Harvest Veg & Sausages,425g,was $5.25,$4.90,$1.15 per 100g,https://foodlandbalaklava.com.au//lines/harvest-veg-sausages-425gm
Foodland Balaklava,2025-05-04 23:54:49,Heinz Mixed Vegetables,500g,N/A,$3.75,$7.50 per kg,https://foodlandbalaklava.com.au//lines/hnz-mixed-veg-500gm
Foodland Balaklava,2025-05-04 23:54:49,Heinz Soup Of The Day® Pumpkin & Cauliflower With Turmeric,430g,was $4.75,$4.15,$0.97 per 100g,https://foodlandbalaklava.com.au//lines/hnz-soup-sotd-pump-cauli-430gm
Foodland Balaklava,2025-05-04 23:54:49,"Heinz® Chicken, Sweetcorn + Mango Pouch 6+ Months",120g,N/A,$1.60,$1.33 per 100g,https://foodlandbalaklava.com.au//lines/hnz-chk-corn-mng-sp-120gm
Foodland Balaklava,2025-05-04 23:54:49,Heinz® Tomato Ketchup,1L,was $6.95,$5.90,$0.59 per 100mL,https://foodlandbalaklava.com.au//lines/hnz-sce-ketchup-tomato-1l
Foodland Balaklava,2025-05-04 23:54:49,Helga's Wraps Mixed Grain,508g,N/A,$5.50,$1.08 per 100g,https://foodlandbalaklava.com.au//lines/helga-wrap-mixed-grain-508gm
Foodland Balaklava,2025-05-04 23:54:49,Helga’​S Mini White Wraps,N/A,was $5.45,$4.50,$1.25 per 100g,https://foodlandbalaklava.com.au//lines/helga-wrap-mini-white12pk-360g
Foodland Balaklava,2025-05-04 23:54:49,Herbal Essences Conditioner Hydrate Coconut Milk,400mL,N/A,$14.20,$3.55 per 100mL,https://foodlandbalaklava.com.au//lines/herb-ess-cond-hyd-co-mlk-400ml
Foodland Balaklava,2025-05-04 23:54:49,Huggies Infant Nappies Size 2 (​4-8kg) 48 Pack (​Nz),N/A,was $22.00,$17.00,$0.35 Each,https://foodlandbalaklava.com.au//lines/huggie-ult-nappy-infant-48s
Foodland Balaklava,2025-05-04 23:54:49,Huggies Thick Baby Wipes Coconut Oil 240 Pack,N/A,was $17.85,$14.00,$5.83 Units100,https://foodlandbalaklava.com.au//lines/huggies-b-wipes-ccnut-bnd3x80s
Foodland Balaklava,2025-05-04 23:54:49,I&​J Fish Original Crmb,1kg,N/A,$14.00,$14.00 per kg,https://foodlandbalaklava.com.au//lines/i-j-fish-original-1030gm-1
Foodland Balaklava,2025-05-04 23:54:49,I&​J Lemon Crumb Fish Fillets,425g,N/A,$7.35,$17.29 per kg,https://foodlandbalaklava.com.au//lines/i-j-fish-lemon-425gm
Foodland Balaklava,2025-05-04 23:54:49,Iddy Biddy Tropical Fruit Snack,160mL,was $4.60,$4.30,$2.69 per 100g,https://foodlandbalaklava.com.au//lines/i-biddy-frt-snk-tropical-160gm-1
Foodland Balaklava,2025-05-04 23:54:49,In A Biskit Biscuits Drumstix Flavour,160g,was $4.20,$3.10,$1.94 per 100g,https://foodlandbalaklava.com.au//lines/in-a-biskit-drumstick-160gm
Foodland Balaklava,2025-05-04 23:54:49,Ingh Chk Breast Fil Lrg Rw,N/A,N/A,$15.00,N/A,https://foodlandbalaklava.com.au//lines/chicken-breast-fillet-1
Foodland Balaklava,2025-05-04 23:54:49,Ingham's Four Chicken Breast Schnitzels Original,400g,N/A,$8.50,$21.25 per kg,https://foodlandbalaklava.com.au//lines/ingham-chkn-brst-schnitz-400gm
Foodland Balaklava,2025-05-04 23:54:49,Ingham's Turkey Mince,500g,N/A,$9.00,$18.00 per kg,https://foodlandbalaklava.com.au//lines/ingham-turkey-mince-500gm-1
Foodland Balaklava,2025-05-04 23:54:49,Johnson's Body Care Moisturising Body Wash,1L,was $12.60,$6.00,$0.60 per 100mL,https://foodlandbalaklava.com.au//lines/j-j-body-wash-moist-vit-b5-1l
Foodland Balaklava,2025-05-04 23:54:49,Kan Tong Honey Soy Garlic Stir Fry Cooking Sauce,500g,N/A,$4.85,$0.97 per 100g,https://foodlandbalaklava.com.au//lines/kantong-sce-jar-hny-soy-500gm
Foodland Balaklava,2025-05-04 23:54:49,Kellogg's Corn Flakes,725g,was $7.70,$6.00,$0.83 per 100g,https://foodlandbalaklava.com.au//lines/kell-corn-flakes-725gm
Foodland Balaklava,2025-05-04 23:54:49,Kellogg's K-Time Baked Twists Strawberry & Yoghurt Flavour E185g (​5 X ) 185g,37g,N/A,$5.80,$3.14 per 100g,https://foodlandbalaklava.com.au//lines/kell-k-tme-twst-ygt-sbry-185gm
Foodland Balaklava,2025-05-04 23:54:49,Kellogg's Pop-Tarts Frosted Chocotastic,384g,N/A,$7.35,$1.91 per 100g,https://foodlandbalaklava.com.au//lines/kell-pop-tarts-chctastic-384gm
Foodland Balaklava,2025-05-04 23:54:49,Kettle Chips Sweet Chili And Sour Cream Chips,165g,N/A,$6.00,$3.64 per 100g,https://foodlandbalaklava.com.au//lines/kettle-chips-s-chil-s-crm165gm
Foodland Balaklava,2025-05-04 23:54:49,Kirks-Ko Kirks Creaming Soda Multipack Cans Soft Drink,10 x 375mL,was $15.75,$13.75,$3.67 per L,https://foodlandbalaklava.com.au//lines/kirks-creamy-soda-10x375ml
Foodland Balaklava,2025-05-04 23:54:49,Kirks-Ko Kirks Orange Sugar Free Multipack Cans,10 x 375mL,was $15.75,$13.75,$3.67 per L,https://foodlandbalaklava.com.au//lines/kirks-orange-s-free-10-x-375ml
Foodland Balaklava,2025-05-04 23:54:49,Kirks-Ko Kirks Sugar Free Lemonade Bottle Soft Drink,1.25L,was $3.00,$2.55,$2.04 per L,https://foodlandbalaklava.com.au//lines/kirks-lemonade-s-free-1-25l
Foodland Balaklava,2025-05-04 23:54:49,KR Castlemaine Virginian Ham,750g,was $16.30,$13.50,$18.00 per kg,https://foodlandbalaklava.com.au//lines/krc-ham-virgn-b-less-ptn-750gm
Foodland Balaklava,2025-05-04 23:54:49,Kraft® Grated Parmesan Cheese,125g,N/A,$5.80,$46.40 per kg,https://foodlandbalaklava.com.au//lines/kft-chse-parmesan-grat-125gm-1
Foodland Balaklava,2025-05-04 23:54:51,Lean Cuisine Spaghetti Bolognese,280g,N/A,$6.30,$2.25 per 100g,https://foodlandbalaklava.com.au//lines/lean-cuis-spag-bolognese-280gm
Foodland Balaklava,2025-05-04 23:54:51,Leggo's Leggos Tomato Paste Sachets No Added Salt,200g,N/A,$3.35,$1.68 per 100g,https://foodlandbalaklava.com.au//lines/leggos-tom-pste-nas-sach-200gm
Foodland Balaklava,2025-05-04 23:54:51,Lemnos Fetta Cheese Traditional Twin Pack,2 x 100g,N/A,$7.35,$36.75 per kg,https://foodlandbalaklava.com.au//lines/lemnos-fetta-2x100gm
Foodland Balaklava,2025-05-04 23:54:51,Lettuce Mesculin Mix Loose,N/A,N/A,$17.95,N/A,https://foodlandbalaklava.com.au//lines/muscelin-mix-loose
Foodland Balaklava,2025-05-04 23:54:51,Lettuce Sweet Mix Loose,N/A,N/A,$17.95,N/A,https://foodlandbalaklava.com.au//lines/lettuce-sweet-mix-loose
Foodland Balaklava,2025-05-04 23:54:51,Libra Maternity Pads Extra Long With Wings 10 Pack,N/A,was $8.20,$5.70,$0.57 Each,https://foodlandbalaklava.com.au//lines/libra-pads-maternty-10s
Foodland Balaklava,2025-05-04 23:54:51,Lindt Excellence 90% Cocoa Dark Chocolate,100g,was $7.30,$5.95,$5.95 per 100g,https://foodlandbalaklava.com.au//lines/lindt-excel-90-cocoa-100gm-1
Foodland Balaklava,2025-05-04 23:54:51,Little Belies Baby Carrot Puffs,12g,was $2.10,$1.65,$13.75 per 100g,https://foodlandbalaklava.com.au//lines/b-bellies-puffs-carrot-12gm
Foodland Balaklava,2025-05-04 23:54:51,Local Kitchen Coleslaw Kit,250mL,N/A,$4.00,$16.00 per kg,https://foodlandbalaklava.com.au//lines/lk-coleslaw-250g
Foodland Balaklava,2025-05-04 23:54:51,Lurpak Butter Spreadable Slightly Salted,400g,N/A,$8.20,$2.05 per 100g,https://foodlandbalaklava.com.au//lines/lurpak-butter-sl-sltd-spread-400gm
Foodland Balaklava,2025-05-04 23:54:51,"M&​M’​S Mix Ups Milk Chocolate, Peanut & Crispy Snack & Share Bag",335g,N/A,$7.00,$2.09 per 100g,https://foodlandbalaklava.com.au//lines/m-ms-mix-up-335gm
Foodland Balaklava,2025-05-04 23:54:51,M/​Polo Cherry Sweet Pit,670g,N/A,$4.90,$7.31 per kg,https://foodlandbalaklava.com.au//lines/m-polo-cherry-sweet-pit-670gm
Foodland Balaklava,2025-05-04 23:54:51,Macleans Protect Fresh Mint Toothpaste,170g,was $3.25,$1.55,$0.91 per 100g,https://foodlandbalaklava.com.au//lines/maclean-t-pste-prt-f-mnt-170gm
Foodland Balaklava,2025-05-04 23:54:51,Maggi 2 Minute Noodles Beef Flavour,12 x 74g,N/A,$10.00,$1.13 per 100g,https://foodlandbalaklava.com.au//lines/maggi-2-min-ndl-beef-12pk
Foodland Balaklava,2025-05-04 23:54:51,Maggi Oyster Sauce,275mL,was $3.80,$3.50,$1.27 per 100mL,https://foodlandbalaklava.com.au//lines/maggi-sce-oyster-275ml
Foodland Balaklava,2025-05-04 23:54:51,Mainland Cracker Cuts Tasty Cheddar Cheese,120g,was $6.30,$4.95,$41.25 per kg,https://foodlandbalaklava.com.au//lines/m-land-chse-crk-cuts-tst-120gm
Foodland Balaklava,2025-05-04 23:54:51,Marions Kitchen Marion's Kitchen Sauce Sticky Chilli Ginger,240mL,N/A,$5.25,$2.19 per 100mL,https://foodlandbalaklava.com.au//lines/m-kitch-sce-chilli-gngr-240ml
Foodland Balaklava,2025-05-04 23:54:51,Massel Chicken Stock Powder,168g,was $4.20,$3.75,$0.22 per 10g,https://foodlandbalaklava.com.au//lines/massel-stock-chicken-168gm-1
Foodland Balaklava,2025-05-04 23:54:51,Massel Liquid Chicken Stock,1L,was $4.40,$3.00,$0.30 per 100mL,https://foodlandbalaklava.com.au//lines/massel-stock-chicken-org-1l
Foodland Balaklava,2025-05-04 23:54:51,Masterfoods Ginger Ground,25g,N/A,$3.70,$1.48 per 10g,https://foodlandbalaklava.com.au//lines/mf-ginger-ground-25gm
Foodland Balaklava,2025-05-04 23:54:51,Masterfoods Mild American Mustard Bottle,550g,N/A,$6.10,$1.11 per 100g,https://foodlandbalaklava.com.au//lines/mf-mustard-american-sqz-550gm
Foodland Balaklava,2025-05-04 23:54:51,Maximus Mango Passionfruit Isotonic Sports Drink,1L,was $4.20,$3.60,$3.60 per L,https://foodlandbalaklava.com.au//lines/maximus-big-mango-pass-1l
Foodland Balaklava,2025-05-04 23:54:51,Mccain Ham & Pineapple Pizza Slices,600g,was $9.45,$7.00,$1.17 per 100g,https://foodlandbalaklava.com.au//lines/mcc-pizza-slces-ham-pine-600gm
Foodland Balaklava,2025-05-04 23:54:51,Mccain Healthy Choice Apricot Chicken Portrait,350g,was $5.25,$4.50,$1.29 per 100g,https://foodlandbalaklava.com.au//lines/mcc-h-choice-apricot-chkn-350g
Foodland Balaklava,2025-05-04 23:54:51,Mccain Healthy Choice Chinese Chicken & Cashews,280g,was $5.25,$4.50,$1.61 per 100g,https://foodlandbalaklava.com.au//lines/mcc-h-choice-chic-cashews280gm
Foodland Balaklava,2025-05-04 23:54:51,Mccain Healthy Choice Lemon Chicken,350g,was $5.25,$4.50,$1.29 per 100g,https://foodlandbalaklava.com.au//lines/mcc-h-choice-lmn-chkn-350gm
Foodland Balaklava,2025-05-04 23:54:51,Mccain Man Size Pub Style Parma Veal Schnitzels,480g,was $10.00,$8.60,$1.79 per 100g,https://foodlandbalaklava.com.au//lines/mcc-m-sze-pub-styl-parma-480gm
Foodland Balaklava,2025-05-04 23:54:51,Mcvities Biscuits Milk Chocolate Digestives,266g,N/A,$5.80,$2.18 per 100g,https://foodlandbalaklava.com.au//lines/mcvities-digest-mlk-choc-266gm
Foodland Balaklava,2025-05-04 23:54:51,Meadowlea Buttery Margarine Spread,500g,was $5.25,$4.50,$0.90 per 100g,https://foodlandbalaklava.com.au//lines/meadow-lea-sprd-buttery-500gm
Foodland Balaklava,2025-05-04 23:54:51,Mission Street Taco,375g,N/A,$4.60,$1.23 per 100g,https://foodlandbalaklava.com.au//lines/mission-taco-street-375gm
Foodland Balaklava,2025-05-04 23:54:51,Moccona Cappuccino Coffee Sachets,10 x 13g,was $8.30,$3.95,$3.04 per 100g,https://foodlandbalaklava.com.au//lines/mocc-coff-sach-capp-10s
Foodland Balaklava,2025-05-04 23:54:51,Moccona Classic Medium Roast Freeze Dried Instant Coffee,200g,was $24.80,$16.50,$8.25 per 100g,https://foodlandbalaklava.com.au//lines/mocc-coff-f-dry-classic-200gm
Foodland Balaklava,2025-05-04 23:54:51,MORNING SUN Apricot & Almond Muesli Breakfast Cereal,650g,N/A,$4.50,$0.69 per 100g,https://foodlandbalaklava.com.au//lines/m-sun-muesli-apricot-alm-650gm-1
Foodland Balaklava,2025-05-04 23:54:51,Multix Alfoil cm 30cm,30 x 10m,N/A,$3.15,$0.32 per cm,https://foodlandbalaklava.com.au//lines/multix-alfoil-30cmx10m
Foodland Balaklava,2025-05-04 23:54:51,Multix Garbage Bags 50 Pack,N/A,was $9.45,$8.90,$0.18 Each,https://foodlandbalaklava.com.au//lines/multix-garb-bg-e-wd-56l-50s
Foodland Balaklava,2025-05-04 23:54:51,My Dog Adult Dry Dog Food Gourmet Beef & Vegetables,1.5kg,N/A,$14.70,$0.98 per 100g,https://foodlandbalaklava.com.au//lines/my-dog-prime-beef-1-5kg
Foodland Balaklava,2025-05-04 23:54:51,Nature's Gift™ Adult All Breeds Casserole Kangaroo & Vegetables Wet Dog Food,1.2kg,was $6.30,$3.80,$0.32 per 100g,https://foodlandbalaklava.com.au//lines/nat-gift-d-fd-cas-kan-vg-1-2kg
Foodland Balaklava,2025-05-04 23:54:51,Nescafe Blend 43 Espresso,500g,N/A,$30.00,$6.00 per 100g,https://foodlandbalaklava.com.au//lines/nescafe-blend-43-esprso-500gm
Foodland Balaklava,2025-05-04 23:54:51,Nescafe Cappuccino Coffee Mixes Decaf Multipack,10 x 12.5g,N/A,$8.00,$6.40 per 100g,https://foodlandbalaklava.com.au//lines/nescafe-sach-capp-decaf-10pk-1
Foodland Balaklava,2025-05-04 23:54:51,Nescafe Cappuccino Coffee Mixes Skim Multipack,10 x 12.5g,N/A,$8.00,$6.40 per 100g,https://foodlandbalaklava.com.au//lines/nescafe-sach-capp-skim-10s
Foodland Balaklava,2025-05-04 23:54:51,Nescafe Creme Brulee Latte Coffee Sachets 10 Pack,N/A,N/A,$8.00,$5.00 per 100g,https://foodlandbalaklava.com.au//lines/nescafe-sach-creme-brulee-10s
Foodland Balaklava,2025-05-04 23:54:51,Nescafe Decaf Caramel Latte Coffee Sachets 10 Pack,N/A,N/A,$8.00,$4.71 per 100g,https://foodlandbalaklava.com.au//lines/nescafe-sach-car-decaf-latt10s
Foodland Balaklava,2025-05-04 23:54:51,Nescafe Hazelnut Latte Coffee Sachets 10 Pack 10pk,N/A,N/A,$8.00,$4.44 per 100g,https://foodlandbalaklava.com.au//lines/nescafe-sach-hazelnut-10pk
Foodland Balaklava,2025-05-04 23:54:51,Nestle Coffee-Mate Coffee Whitener,400g,N/A,$4.75,$1.19 per 100g,https://foodlandbalaklava.com.au//lines/nes-coffee-mate-400gm
Foodland Balaklava,2025-05-04 23:54:51,Nestle Kitkat Milk Chocolate Share Pack 18 Pieces,252g,N/A,$7.50,$2.98 per 100g,https://foodlandbalaklava.com.au//lines/nes-kit-kat-2fngr-f-size-252gm
Foodland Balaklava,2025-05-04 23:54:51,Nestle Milo,700g,N/A,$13.65,$1.95 per 100g,https://foodlandbalaklava.com.au//lines/nes-milo-700gm
Foodland Balaklava,2025-05-04 23:54:51,Nestle Milo Breakfast Cereal Cereal,330g,N/A,$7.35,$2.23 per 100g,https://foodlandbalaklava.com.au//lines/nes-milo-cereal-330gm
Foodland Balaklava,2025-05-04 23:54:51,Nestle Nesquik® Strawberry Flavoured Milk Drink,250g,N/A,$4.20,$1.68 per 100g,https://foodlandbalaklava.com.au//lines/nes-nesquik-strawberry-250gm
Foodland Balaklava,2025-05-04 23:54:53,Nestle Nestlé Milo Energy Dairy Snack,150g,was $2.40,$2.15,$1.43 per 100g,https://foodlandbalaklava.com.au//lines/nes-milo-dairy-pouch-150gm
Foodland Balaklava,2025-05-04 23:54:53,Nestle Peters Drumstick Minis Classic Vanilla 6pk,490mL,was $10.00,$9.20,$1.88 per 100mL,https://foodlandbalaklava.com.au//lines/peters-m-p-d-stk-minis-van-6s
Foodland Balaklava,2025-05-04 23:54:53,Nestle Peters Light & Creamy Classic Vanilla 1.​8,N/A,N/A,$8.40,$0.47 per 100mL,https://foodlandbalaklava.com.au//lines/peters-i-crm-l-c-vanilla-1-8l
Foodland Balaklava,2025-05-04 23:54:53,Nestle Trix Cereal,310g,was $7.35,$3.50,$1.13 per 100g,https://foodlandbalaklava.com.au//lines/nes-trix-cereal-310g
Foodland Balaklava,2025-05-04 23:54:53,Nice & Natural Honeycomb Chocolate Nut Bars,N/A,N/A,$5.80,$3.22 per 100g,https://foodlandbalaklava.com.au//lines/nice-nat-n-bar-hnycmb-6s180gm
Foodland Balaklava,2025-05-04 23:54:53,Nice & Natural Peanut & Cashew Roasted Nut Bar,N/A,N/A,$5.80,$3.02 per 100g,https://foodlandbalaklava.com.au//lines/nice-nat-n-bar-pnt-cshw-6s192g
Foodland Balaklava,2025-05-04 23:54:53,Nice&​Natural Chewy Muesli Bars Choc Squiggle 6pk,185g,was $5.25,$3.10,$1.68 per 100g,https://foodlandbalaklava.com.au//lines/nice-nat-bar-chw-choc-sq185gm
Foodland Balaklava,2025-05-04 23:54:53,Nippy's Unsweetened Orange 2,N/A,was $7.25,$7.20,$3.60 per L,https://foodlandbalaklava.com.au//lines/nippy-s-unswtn-orge-jce2lt
Foodland Balaklava,2025-05-04 23:54:53,Nobby’​S Salted Cashews,250g,N/A,$8.00,$32.00 per kg,https://foodlandbalaklava.com.au//lines/nobbys-cashews-sltd-250g
Foodland Balaklava,2025-05-04 23:54:53,Nocelle Celebration Mix,500g,N/A,$8.99,$1.80 per 100g,https://foodlandbalaklava.com.au//lines/nocelle-celebration-mix-500gm
Foodland Balaklava,2025-05-04 23:54:53,Nutrient Water Pine Watermelon,575mL,N/A,$3.80,$6.61 per L,https://foodlandbalaklava.com.au//lines/nutrient-water-pine-watermelon-575ml
Foodland Balaklava,2025-05-04 23:54:53,Olga's Schnitzl Beef Parm500gm,N/A,N/A,$11.35,$22.70 per kg,https://foodlandbalaklava.com.au//lines/olgas-beef-parmigiana-schnitzel-500g
Foodland Balaklava,2025-05-04 23:54:53,Omo F&​T Laundry Liquid Sensitive,1L,was $16.30,$10.00,$10.00 per L,https://foodlandbalaklava.com.au//lines/omo-l-liq-con-sens-fl-tl-1l
Foodland Balaklava,2025-05-04 23:54:53,Onions White Loose Per Kg,N/A,N/A,$1.27,$6.90 per kg,https://foodlandbalaklava.com.au//lines/onions-white-loose-per-kg
Foodland Balaklava,2025-05-04 23:54:53,"Palmolive Body Butter Vanilla , Moisturising Body Wash",400mL,was $7.35,$5.00,$1.25 per 100mL,https://foodlandbalaklava.com.au//lines/palm-sgel-butter-vanilla-400ml
Foodland Balaklava,2025-05-04 23:54:53,"Palmolive Kids 3 In 1 Hair Shampoo, Conditioner & Body Wash , Trolls Merry Strawberry, Hypoallergenic, Detangles Hair, No Parabens",700mL,was $9.45,$7.00,$1.00 per 100mL,https://foodlandbalaklava.com.au//lines/palm-3in1-kids-strwbry-700ml
Foodland Balaklava,2025-05-04 23:54:53,Palmolive Liquid Hand Wash Foaming Cherry Blossom Refill,500mL,was $6.85,$6.30,$1.26 per 100mL,https://foodlandbalaklava.com.au//lines/palm-l-soap-foam-cherryrf500ml
Foodland Balaklava,2025-05-04 23:54:53,"Palmolive Men Body Wash , Active With Sea Minerals, No Parabens Or Phthalates",1L,was $12.60,$10.00,$1.00 per 100mL,https://foodlandbalaklava.com.au//lines/palm-nat-sgel-men-active-1l
Foodland Balaklava,2025-05-04 23:54:53,Pandaroo Coconut Cream,400mL,N/A,$2.65,$0.66 per 100mL,https://foodlandbalaklava.com.au//lines/pandaroo-coconut-cream-400ml
Foodland Balaklava,2025-05-04 23:54:53,Parsley Per Bunch,N/A,N/A,$2.60,N/A,https://foodlandbalaklava.com.au//lines/parsley-per-bunch
Foodland Balaklava,2025-05-04 23:54:53,Parsnips Loose Per Kg,N/A,N/A,$10.00,N/A,https://foodlandbalaklava.com.au//lines/parsnips-loose-per-kg-1
Foodland Balaklava,2025-05-04 23:54:53,Pascall Cadbury Caramels Lollies,160g,was $7.35,$5.15,$3.22 per 100g,https://foodlandbalaklava.com.au//lines/cad-caramels-160gm-1
Foodland Balaklava,2025-05-04 23:54:53,Pascall Cadbury Clinkers Lollies,160g,was $7.35,$5.15,$3.22 per 100g,https://foodlandbalaklava.com.au//lines/cad-clinkers-160gm
Foodland Balaklava,2025-05-04 23:54:53,Patak's Korma Paste,290g,was $8.20,$7.70,$2.66 per 100g,https://foodlandbalaklava.com.au//lines/pataks-curry-pste-korma-290gm
Foodland Balaklava,2025-05-04 23:54:53,Pauls Zymil Lactose Free Chocolate Flavoured Milk,400mL,was $4.00,$3.80,$9.50 per L,https://foodlandbalaklava.com.au//lines/pauls-milk-zymil-choc-400ml
Foodland Balaklava,2025-05-04 23:54:53,Peckish Fancies Premium Flavoured Rice Crackers Golden Honey And Soy,90g,N/A,$3.10,$3.10 per 100g,https://foodlandbalaklava.com.au//lines/pe-r-c-golden-honey-soy-90gm
Foodland Balaklava,2025-05-04 23:54:53,Peculiar Pick Carrots,750g,was $1.50,$1.40,$1.87 per kg,https://foodlandbalaklava.com.au//lines/peculiar-pick-carrots-750g
Foodland Balaklava,2025-05-04 23:54:53,Perfect Italiano Cheese Smooth Ricotta,250g,was $5.25,$3.80,$15.20 per kg,https://foodlandbalaklava.com.au//lines/perfect-chse-ricotta-smth250gm
Foodland Balaklava,2025-05-04 23:54:53,Philadelphia Pourover Sweet Chilli,250g,N/A,$4.50,$18.00 per kg,https://foodlandbalaklava.com.au//lines/philly-chilli-250gm
Foodland Balaklava,2025-05-04 23:54:53,Pine O Cleen Antibacterial Liquid Disinfectant Lavender,1.25L,N/A,$8.40,$6.72 per L,https://foodlandbalaklava.com.au//lines/pine-o-cleen-lavender-1-25l
Foodland Balaklava,2025-05-04 23:54:53,Pizza Hawaiian,N/A,N/A,$3.00,$2.73 per 100g,https://foodlandbalaklava.com.au//lines/pizza-hawaiin
Foodland Balaklava,2025-05-04 23:54:53,Pm Sugar Cane Rnd Dinner Plate 10pk 23cm,N/A,was $3.99,$3.30,$0.33 Each,https://foodlandbalaklava.com.au//lines/pm-sugar-cane-rnd-dinner-plate-10pk-23cm
Foodland Balaklava,2025-05-04 23:54:53,Polident Whitening Daily Cleanser For Dentures 36 Tablets,N/A,N/A,$6.95,$0.19 Each,https://foodlandbalaklava.com.au//lines/polident-whitening-cleans-36s
Foodland Balaklava,2025-05-04 23:54:53,Polly Waffle Wfr Bte Choc125gm,N/A,N/A,$6.30,$5.04 per 100g,https://foodlandbalaklava.com.au//lines/polly-waffle-wfr-bte-choc125gm
Foodland Balaklava,2025-05-04 23:54:53,Pork Brawn,N/A,N/A,$15.99,N/A,https://foodlandbalaklava.com.au//lines/pork-brawn-1
Foodland Balaklava,2025-05-04 23:54:53,Potato Spud Lite,750g,N/A,$2.35,$3.13 per kg,https://foodlandbalaklava.com.au//lines/potato-spud-lite-750g
Foodland Balaklava,2025-05-04 23:54:53,Potatoes Micro Spud Lite,350g,N/A,$1.90,$5.43 per kg,https://foodlandbalaklava.com.au//lines/potatoes-daisy-2kg
Foodland Balaklava,2025-05-04 23:54:53,Powerade Ion4 Blackcurrant Sports Drink Sipper Cap,600mL,was $4.60,$3.55,$5.92 per L,https://foodlandbalaklava.com.au//lines/powerade-blckcrnt-sip-cap600ml
Foodland Balaklava,2025-05-04 23:54:53,Powerade Ion4 Gold Rush Sports Drink Sipper Cap,600mL,was $4.60,$3.55,$5.92 per L,https://foodlandbalaklava.com.au//lines/powerade-wal-g-r-sip-cap-600ml
Foodland Balaklava,2025-05-04 23:54:53,Praise Whole Egg Mayo,230g,was $4.75,$4.00,$1.74 per 100g,https://foodlandbalaklava.com.au//lines/praise-mayo-whole-egg-sqz230gm
Foodland Balaklava,2025-05-04 23:54:53,Primo Classic Cabanossi,300g,N/A,$7.05,$23.50 per kg,https://foodlandbalaklava.com.au//lines/primo-cabanossi-300gm
Foodland Balaklava,2025-05-04 23:54:53,Primo Pastrami Beef,80g,was $4.15,$3.95,$49.38 per kg,https://foodlandbalaklava.com.au//lines/primo-pastrami-80gm
Foodland Balaklava,2025-05-04 23:54:53,Pringles Salt & Vinegar Flavour,53g,N/A,$2.85,$5.38 per 100g,https://foodlandbalaklava.com.au//lines/pringles-chips-salt-vin-53gm
Foodland Balaklava,2025-05-04 23:54:53,Pumpkin Qld Blue Per Kg,N/A,N/A,$1.68,$2.80 per kg,https://foodlandbalaklava.com.au//lines/pumpkin-qld-blue-per-kg
Foodland Balaklava,2025-05-04 23:54:53,Pura Light Start Carton(​Tas&​Sa Only) 1l,1L,N/A,$2.95,$2.95 per L,https://foodlandbalaklava.com.au//lines/pura-light-start-1l
Foodland Balaklava,2025-05-04 23:54:53,"Purina One® Healthy Kitten, With Chicken In Gravy 12 Pack",12 x 70g,N/A,$17.85,$2.12 per 100g,https://foodlandbalaklava.com.au//lines/purina-one-kitten-chic-12-x-70g
Foodland Balaklava,2025-05-04 23:54:53,Qba Pb Sourdough Batard,500g,N/A,$5.49,N/A,https://foodlandbalaklava.com.au//lines/artisan-batard-white-500gm
Foodland Balaklava,2025-05-04 23:54:53,Queen Imitation Vanilla Flavouring,300mL,N/A,$3.15,$1.05 per 100mL,https://foodlandbalaklava.com.au//lines/queen-imitation-vanilla-300ml
Foodland Balaklava,2025-05-04 23:54:54,Quilton T/​Roll Florl Dl3ply 9p,N/A,was $14.20,$12.50,$0.39 per 100 Sheets,https://foodlandbalaklava.com.au//lines/quilton-t-roll-florl-dl3ply-9p
Foodland Balaklava,2025-05-04 23:54:54,Rafferty's Garden Yoghurt Buttons Strawberry,28g,N/A,$6.30,$22.50 per 100g,https://foodlandbalaklava.com.au//lines/rafferty-gdn-ygt-str-bry-28gm
Foodland Balaklava,2025-05-04 23:54:54,Red Rock Deli Deli Style Potato Chips Honey Soy Chicken,45g,N/A,$2.70,$6.00 per 100g,https://foodlandbalaklava.com.au//lines/rr-deli-chip-hon-soy-chk-45gm
Foodland Balaklava,2025-05-04 23:54:54,Red Rock Deli Potato Chips Entertaining Party Bag Honey Soy & Chicken,290g,was $9.35,$4.45,$1.53 per 100g,https://foodlandbalaklava.com.au//lines/rr-deli-chip-hon-soy-chk-290gm
Foodland Balaklava,2025-05-04 23:54:54,Red Rock Deli Potato Chips Sea Salt & Balsamic Vinegar Share Pack,165g,was $6.00,$4.50,$2.73 per 100g,https://foodlandbalaklava.com.au//lines/rr-deli-chip-salt-vin-165gm
Foodland Balaklava,2025-05-04 23:54:54,Rexona 48h Protection Antiperspirant Roll On Classic,50mL,N/A,$3.50,$7.00 per 100mL,https://foodlandbalaklava.com.au//lines/rexona-ap-r-o-wmn-classic-50ml
Foodland Balaklava,2025-05-04 23:54:54,Rexona Men Deodorant Roll On Antiperspirant Original 48-Hour Sweat And Odour Protection,50mL,N/A,$3.50,$7.00 per 100mL,https://foodlandbalaklava.com.au//lines/rexona-ap-r-o-men-org-dry-50ml
Foodland Balaklava,2025-05-04 23:54:54,Rohde Eggs Free Range,800g,N/A,$8.40,$1.05 per 100g,https://foodlandbalaklava.com.au//lines/rohde-eggs-free-range-800gm
Foodland Balaklava,2025-05-04 23:54:54,Royal Gala Apples,1kg,N/A,$7.20,$7.20 per kg,https://foodlandbalaklava.com.au//lines/apples-gala-1kg-pp-3
Foodland Balaklava,2025-05-04 23:54:54,Safcol Premium Salmon Smoked,95g,N/A,$2.00,$21.05 per kg,https://foodlandbalaklava.com.au//lines/safcol-salm-nat-smkd-x-oil95gm
Foodland Balaklava,2025-05-04 23:54:54,Sakata Wholegrain Rice Crackers,80g,N/A,$2.10,$2.62 per 100g,https://foodlandbalaklava.com.au//lines/sakata-w-grain-orig-80g
Foodland Balaklava,2025-05-04 23:54:54,San Remo La Pasta Alfredo,120g,was $2.75,$2.00,$1.67 per 100g,https://foodlandbalaklava.com.au//lines/la-past-alfredo-4srv-120gm
Foodland Balaklava,2025-05-04 23:54:54,San Remo La Pasta Four Cheeses,120g,was $2.75,$2.00,$1.67 per 100g,https://foodlandbalaklava.com.au//lines/la-past-4-cheeses-4srv-120gm
Foodland Balaklava,2025-05-04 23:54:54,San Remo La Pasta Macaroni Cheese,80g,N/A,$1.40,$1.75 per 100g,https://foodlandbalaklava.com.au//lines/la-past-snk-macaroni-chse-80gm
Foodland Balaklava,2025-05-04 23:54:54,San Remo No. 18 Penne,500g,N/A,$2.95,$0.59 per 100g,https://foodlandbalaklava.com.au//lines/s-remo-penne-no-18-500gm
Foodland Balaklava,2025-05-04 23:54:54,San Remo No. 18 Penne Family Pack,750g,N/A,$3.80,$0.51 per 100g,https://foodlandbalaklava.com.au//lines/s-remo-rigati-penne-no18-750gm
Foodland Balaklava,2025-05-04 23:54:54,San Remo No. 35 Elbows,500g,N/A,$2.95,$0.59 per 100g,https://foodlandbalaklava.com.au//lines/s-remo-elbows-no35-500gm
Foodland Balaklava,2025-05-04 23:54:54,San Remo No. 38 Macaroni,500g,N/A,$2.95,$0.59 per 100g,https://foodlandbalaklava.com.au//lines/s-remo-macaroni-no38-500gm
Foodland Balaklava,2025-05-04 23:54:54,San Remo No. 6 Tubular Spaghetti,500g,N/A,$2.95,$0.59 per 100g,https://foodlandbalaklava.com.au//lines/s-remo-spaghetti-tube-06-500gm
Foodland Balaklava,2025-05-04 23:54:54,Schwarzkopf Extra Care Strong Styling Hairspray,100g,N/A,$8.40,$8.40 per 100g,https://foodlandbalaklava.com.au//lines/extra-care-h-spray-s-hld-100gm
Foodland Balaklava,2025-05-04 23:54:54,Schweppes Zero Sugar Indian Tonic Water Classic Mixers Bottle,1.1L,was $3.00,$1.80,$1.64 per L,https://foodlandbalaklava.com.au//lines/schw-tonic-water-diet-1-1l
Foodland Balaklava,2025-05-04 23:54:54,Scotts 6 Great Aussie Meat Pies,900g,N/A,$6.00,$0.67 per 100g,https://foodlandbalaklava.com.au//lines/scotts-pie-meat-6pk
Foodland Balaklava,2025-05-04 23:54:54,"Simply Tasty Chicken, Bacon & Avocado Pasta Salad",300g,N/A,$6.75,$2.25 per 100g,https://foodlandbalaklava.com.au//lines/s-tasty-psta-chkn-avo-drs300gm
Foodland Balaklava,2025-05-04 23:54:54,Slape & Sons Smoky Chargrill Beef Sausages,480g,N/A,$8.25,$17.19 per kg,https://foodlandbalaklava.com.au//lines/slapes-smokey-chargrill-beef480g
Foodland Balaklava,2025-05-04 23:54:54,So Good Regular Soy Milk,1L,N/A,$2.45,$2.45 per L,https://foodlandbalaklava.com.au//lines/sanit-so-good-soy-milk-1l
Foodland Balaklava,2025-05-04 23:54:54,Solo Thirst Crusher Original Lemon Soft Drink Cans Multipack,24 x 375mL,was $39.40,$22.50,$2.50 per L,https://foodlandbalaklava.com.au//lines/solo-24x375ml
Foodland Balaklava,2025-05-04 23:54:54,Sorbent 3 Ply Silky White Toilet Tissue - 12 Pack,N/A,N/A,$11.55,$0.53 per 100 Sheets,https://foodlandbalaklava.com.au//lines/sorbent-t-roll-white-12pk
Foodland Balaklava,2025-05-04 23:54:54,Sorbent Silky White Tissues - 250 Pack,N/A,N/A,$3.25,$1.30 Units100,https://foodlandbalaklava.com.au//lines/sorbent-tiss-soft-white-250s
Foodland Balaklava,2025-05-04 23:54:54,Steggles Chicken Breast Kiev Garlic,350g,was $10.00,$7.50,$21.43 per kg,https://foodlandbalaklava.com.au//lines/steg-chic-kiev-350gm
Foodland Balaklava,2025-05-04 23:54:54,Stock Journal,N/A,N/A,$5.00,N/A,https://foodlandbalaklava.com.au//lines/stock-journal
Foodland Balaklava,2025-05-04 23:54:54,Strawberries,500g,N/A,$8.00,$16.00 per kg,https://foodlandbalaklava.com.au//lines/strawberries-500g-9
Foodland Balaklava,2025-05-04 23:54:54,Sunrice Brown Rice Cups,6 x 2g,N/A,$3.70,$1.48 per 100g,https://foodlandbalaklava.com.au//lines/sunrice-brwn-lg-rce-2pk-250gm
Foodland Balaklava,2025-05-04 23:54:54,Thins Chips Chicken,45g,was $2.00,$1.50,$3.33 per 100g,https://foodlandbalaklava.com.au//lines/thins-chip-chicken-45gm
Foodland Balaklava,2025-05-04 23:54:54,Three Threes Apple Sauce,250g,was $3.05,$2.80,$1.12 per 100g,https://foodlandbalaklava.com.au//lines/333-s-sce-apple-250gm
Foodland Balaklava,2025-05-04 23:54:54,Three Threes Sweet Whole Baby Beets,415g,was $4.05,$3.30,$0.80 per 100g,https://foodlandbalaklava.com.au//lines/333-s-swt-whole-baby-beets-415g
Foodland Balaklava,2025-05-04 23:54:54,Tip Top Bakery Tip Top® Café Thick Cut Raisin Bread,650g,was $7.20,$5.50,$0.85 per 100g,https://foodlandbalaklava.com.au//lines/t-top-brd-cfe-rasin-tst-650gm
Foodland Balaklava,2025-05-04 23:54:54,Toscano Brioche Burger Buns 4 Pack,N/A,N/A,$6.75,$3.38 per 100g,https://foodlandbalaklava.com.au//lines/toscano-brioche-burger-bun-4pk-200gm
Foodland Balaklava,2025-05-04 23:54:54,Trident Sriracha Sauce Hot Chilli,480mL,N/A,$6.10,$1.27 per 100mL,https://foodlandbalaklava.com.au//lines/trident-sce-srira-chl-hot480ml
Foodland Balaklava,2025-05-04 23:54:54,True Thai Coconut Cream,400mL,was $2.40,$1.95,$0.49 per 100mL,https://foodlandbalaklava.com.au//lines/true-thai-c-nut-cream-400ml
Foodland Balaklava,2025-05-04 23:54:54,Uncle Tobys Muesli Bars Yoghurt Strawberry X6,185g,N/A,$5.50,$2.97 per 100g,https://foodlandbalaklava.com.au//lines/u-toby-ygt-topps-strwbry-185gm
Foodland Balaklava,2025-05-04 23:54:54,Uncle Tobys Oats Traditional Rolled Oats Porridge,1kg,was $6.85,$3.25,$0.32 per 100g,https://foodlandbalaklava.com.au//lines/u-toby-oat-traditional-1kg
Foodland Balaklava,2025-05-04 23:54:54,Uncle Tobys Plus Protein Breakfast Cereal With Sultanas & Peach,620g,was $9.25,$7.20,$1.16 per 100g,https://foodlandbalaklava.com.au//lines/u-toby-plus-protein-620gm
Foodland Balaklava,2025-05-04 23:54:54,Up&​Go Protein Energize Choc Hit,12 x 250mL,N/A,$17.50,$5.83 per L,https://foodlandbalaklava.com.au//lines/sanit-up-go-engz-choc-12x250ml
Foodland Balaklava,2025-05-04 23:54:54,Vaalia Kids Probiotic Yoghurt Honeycomb,140g,was $2.50,$2.00,$1.43 per 100g,https://foodlandbalaklava.com.au//lines/vaalia-ygt-kids-honeycomb-140gm
Foodland Balaklava,2025-05-04 23:54:54,Vanish Napisan Gold Oxi Action Stain Remover Powder,1kg,N/A,$17.85,$17.85 per kg,https://foodlandbalaklava.com.au//lines/vanish-gold-oxi-pro-1kg
Foodland Balaklava,2025-05-04 23:54:54,Vilis Pie Beef,160g,N/A,$5.00,$3.12 per 100g,https://foodlandbalaklava.com.au//lines/vilis-pie-beef-160gm-1
Foodland Balaklava,2025-05-04 23:54:54,Waterfords Lite & Fruity Sparkling Natural Mineral Water Tahitian Lime,1L,N/A,$2.25,$2.25 per L,https://foodlandbalaklava.com.au//lines/w-fords-m-wtr-l-f-tah-lme-1l
Foodland Balaklava,2025-05-04 23:54:54,Werther's Original Caramel Cream Candies,140g,N/A,$5.45,$3.89 per 100g,https://foodlandbalaklava.com.au//lines/werthers-orig-bag-140gm
Foodland Balaklava,2025-05-04 23:54:55,Werther's Original Chewy Toffees,135g,N/A,$5.45,$4.04 per 100g,https://foodlandbalaklava.com.au//lines/werthers-orig-caraml-chew135gm
Foodland Balaklava,2025-05-04 23:54:55,Whiskas Adult Wet Cat Food Salmon Casserole Can,400g,was $2.85,$2.45,$0.61 per 100g,https://foodlandbalaklava.com.au//lines/whiskas-sard-sal-chic-veg400gm
Foodland Balaklava,2025-05-04 23:54:55,Whiskas® 1+ Years Adult Wet Cat Food With Chicken Favourites In Jelly 12x85 Pouch,12 x 85g,N/A,$13.00,$1.27 per 100g,https://foodlandbalaklava.com.au//lines/whiskas-cij-chick-12x85gm
Foodland Balaklava,2025-05-04 23:54:55,Whiskas® 1+ Years Adult Wet Cat Food With Mixed Favourites In Jelly Pouch,12 x 85g,N/A,$13.00,$1.27 per 100g,https://foodlandbalaklava.com.au//lines/whiskas-fav-jelly-mvms-12x85gm
Foodland Balaklava,2025-05-04 23:54:55,Whiskas® 1+ Years Adult Wet Cat Food With Tuna Favourites In Jelly Pouch,12 x 85g,N/A,$13.00,$1.27 per 100g,https://foodlandbalaklava.com.au//lines/whiskas-tuna-in-jly-12x85gm
Foodland Balaklava,2025-05-04 23:54:55,White King Toilet Gel With Added Stain Remover Eucalyptus,700mL,was $6.50,$4.95,$0.71 per 100mL,https://foodlandbalaklava.com.au//lines/white-king-tlt-gel-euc-700ml
Foodland Balaklava,2025-05-04 23:54:55,White Wings Buttermilk Pankcake Shaker,325g,N/A,$4.20,$1.29 per 100g,https://foodlandbalaklava.com.au//lines/w-w-p-cake-shaker-b-milk-325gm
Foodland Balaklava,2025-05-04 23:54:55,White Wings Gorgeously Gooey Choc Chunk Brownies,475g,was $6.30,$4.50,$0.95 per 100g,https://foodlandbalaklava.com.au//lines/w-w-c-mix-slc-ch-chk-brwn475gm
Foodland Balaklava,2025-05-04 23:54:55,White Wings Parsons Rice Cream Vanilla,430g,N/A,$3.50,$0.81 per 100g,https://foodlandbalaklava.com.au//lines/parsons-ricecrm-vanilla-430gm
Foodland Balaklava,2025-05-04 23:54:55,White Wings Premium Self Raising Flour,2kg,N/A,$4.95,$2.48 per kg,https://foodlandbalaklava.com.au//lines/w-w-flour-self-raising-2kg
Foodland Balaklava,2025-05-04 23:54:55,Who Gives A Crap Toilet Paper 6pk 3ply,N/A,N/A,$8.80,$0.02 Each,https://foodlandbalaklava.com.au//lines/who-gives-a-crap-toilet-paper-6pk-3ply
Foodland Balaklava,2025-05-04 23:54:55,Yeos Sesame Oil,150mL,N/A,$5.25,$3.50 per 100mL,https://foodlandbalaklava.com.au//lines/yeos-pure-sesame-oil-150ml-1
Foodland Balaklava,2025-05-04 23:54:55,Yoplait Zero Yoghurt Tropical Multipack,6 x 160g,N/A,$6.50,$0.68 per 100g,https://foodlandbalaklava.com.au//lines/yop-ygt-forme-tropical-6x160gm
Foodland Balaklava,2025-05-04 23:54:55,Yp Blade Steak Rw,N/A,N/A,$13.19,$21.99 per kg,https://foodlandbalaklava.com.au//lines/yp-blade-steak-rw-1
Foodland Balaklava,2025-05-04 23:54:55,Yp Chicken Stirfry Rw,N/A,N/A,$11.39,$18.99 per kg,https://foodlandbalaklava.com.au//lines/yp-chicken-stir-fry-rw-1
Foodland Balaklava,2025-05-04 23:54:55,Yp Honey Soy Chicken Steaks Rw,N/A,N/A,$19.99,N/A,https://foodlandbalaklava.com.au//lines/yp-honey-soy-chicken-steaks-rw
Foodland Balaklava,2025-05-04 23:54:55,Ziploc® Freezer Bags Medium Resealable Food Storage 19 Pack,N/A,was $4.60,$3.50,$0.18 Each,https://foodlandbalaklava.com.au//lines/ziploc-frz-bag-med-19s
Foodland Balaklava,2025-05-04 23:54:55,Zoosh Delizioso Sundried Tomato & Onion Creamy Dreamy Dip,185g,was $3.70,$2.50,$1.35 per 100g,https://foodlandbalaklava.com.au//lines/zoosh-dip-s-d-tom-onion-185gm
Foodland Balaklava,2025-05-04 23:54:55,Black And Gold Baked Beans Tomato Sauce,420g,was $1.10,$1.00,$0.24 per 100g,https://foodlandbalaklava.com.au//lines/b-gold-baked-bean-tom-sce420gm
Foodland Balaklava,2025-05-04 23:54:55,A/​Plains Barn Laid Eggs,600g,N/A,$5.85,$0.98 per 100g,https://foodlandbalaklava.com.au//lines/a-plains-barn-laid-eggs-600g
Foodland Balaklava,2025-05-04 23:54:55,Abc Sweet Soy Sauce,275mL,N/A,$3.35,$1.22 per 100mL,https://foodlandbalaklava.com.au//lines/abc-sce-soy-sweet-275ml
Foodland Balaklava,2025-05-04 23:54:55,Aeroplane Lite Jelly Aeroplane Strawberry Lite Jelly,2 x 9g,N/A,$2.70,$15.00 per 100g,https://foodlandbalaklava.com.au//lines/aero-jelly-lite-str-bry-2x9gm
Foodland Balaklava,2025-05-04 23:54:55,Aeroplane Raspberry Lite Jelly 2x9,18g,N/A,$2.70,$15.00 per 100g,https://foodlandbalaklava.com.au//lines/aero-jelly-lite-ras-bry-2x9gm
Foodland Balaklava,2025-05-04 23:54:55,"Ajax Hospital Grade Antibacterial Disinfectant Multipurpose Cleaner, , Spring Botanicals Surface Spray",500mL,was $6.30,$4.50,$9.00 per L,https://foodlandbalaklava.com.au//lines/ajax-disin-clnr-botan-trg500ml
Foodland Balaklava,2025-05-04 23:54:55,"Ajax Spray N' Wipe Multi-Purpose Cleaner Trigger, , Vanilla & Berries Surface Spray",475mL,was $4.15,$3.50,$0.74 per 100mL,https://foodlandbalaklava.com.au//lines/ajax-s-wpe-d-bln-l-ed-trg475ml
Foodland Balaklava,2025-05-04 23:54:55,"Ajax Spray N' Wipe Multi-Purpose Cleaner Trigger, Antibacterial Disinfectant, , Ocean Fresh",500mL,was $4.15,$3.50,$0.70 per 100mL,https://foodlandbalaklava.com.au//lines/ajax-s-wpe-ocn-frsh-trg-500ml
Foodland Balaklava,2025-05-04 23:54:55,Allen's Chewmix Lollies Bag,335g,was $6.85,$5.80,$1.73 per 100g,https://foodlandbalaklava.com.au//lines/allens-chew-mix-335gm
Foodland Balaklava,2025-05-04 23:54:55,Allen's Pineapples Lollies Bag,170g,was $5.25,$3.50,$2.06 per 100g,https://foodlandbalaklava.com.au//lines/allens-pineapple-170gm
Foodland Balaklava,2025-05-04 23:54:55,Always Fresh Capers,150g,N/A,$3.40,$22.67 per kg,https://foodlandbalaklava.com.au//lines/a-frsh-capers-150gm
Foodland Balaklava,2025-05-04 23:54:55,Always Fresh Garlic Minced,400g,N/A,$4.75,$11.88 per kg,https://foodlandbalaklava.com.au//lines/a-frsh-garlic-minced-400gm
Foodland Balaklava,2025-05-04 23:54:55,Always Fresh Sliced Black Olives,235g,was $3.70,$3.00,$12.77 per kg,https://foodlandbalaklava.com.au//lines/a-frsh-olives-black-slcd-235gm
Foodland Balaklava,2025-05-04 23:54:55,Always Fresh Sundried Tomatoes Strips,480g,N/A,$8.40,$17.50 per kg,https://foodlandbalaklava.com.au//lines/a-frsh-tomato-s-drd-strips480g
Foodland Balaklava,2025-05-04 23:54:55,Arnott's Country Cheese Crackers Nz,250g,N/A,$4.75,$1.90 per 100g,https://foodlandbalaklava.com.au//lines/arn-country-chse-cracker-250gm
Foodland Balaklava,2025-05-04 23:54:55,Arnott's Cracked Pepper Jatz,225g,N/A,$4.00,$1.78 per 100g,https://foodlandbalaklava.com.au//lines/arn-jatz-cracked-pepper-225gm
Foodland Balaklava,2025-05-04 23:54:55,Arnott's Farmbake Biscuits Chocolate Chip Fudge Nz,310g,was $5.80,$5.00,$1.61 per 100g,https://foodlandbalaklava.com.au//lines/arn-f-bake-c-chip-fudge-310gm
Foodland Balaklava,2025-05-04 23:54:55,Arnott's Iced Tic Toc Biscuits,250g,N/A,$4.20,$1.68 per 100g,https://foodlandbalaklava.com.au//lines/arn-iced-tic-toc-250gm
Foodland Balaklava,2025-05-04 23:54:55,Arnott's Milk Chocolate Royals Biscuits,200g,N/A,$5.50,$2.75 per 100g,https://foodlandbalaklava.com.au//lines/arn-choc-royals-milk-200gm
Foodland Balaklava,2025-05-04 23:54:55,Arnott's The Original Nice Plain Biscuits,250g,was $2.65,$1.75,$0.70 per 100g,https://foodlandbalaklava.com.au//lines/arn-nice-250gm
Foodland Balaklava,2025-05-04 23:54:55,Arnott's Tim Tam Original Chocolate Biscuits Nz,200g,N/A,$6.00,$3.00 per 100g,https://foodlandbalaklava.com.au//lines/arn-choc-tim-tam-200gm
Foodland Balaklava,2025-05-04 23:54:55,Australian Short Cut Bacon,N/A,N/A,$22.99,N/A,https://foodlandbalaklava.com.au//lines/australian-short-cut-bacon-1
Foodland Balaklava,2025-05-04 23:54:55,Aveeno Daily Moisturising Non-Greasy Fragrance Free Body Lotion 48-Hour Hydration Soothe Normal Dry Sensitive Skin,532mL,was $19.50,$14.05,$2.64 per 100mL,https://foodlandbalaklava.com.au//lines/aveeno-dly-mst-ltn-532ml
Foodland Balaklava,2025-05-04 23:54:55,Ayam Light Coconut Milk,270mL,N/A,$3.05,$1.13 per 100mL,https://foodlandbalaklava.com.au//lines/ayam-coconut-milk-light-270ml
Foodland Balaklava,2025-05-04 23:54:55,Black & Gold Bread Crumbs,500g,N/A,$2.00,$0.40 per 100g,https://foodlandbalaklava.com.au//lines/b-gold-bread-crumbs-500gm
Foodland Balaklava,2025-05-04 23:54:55,Black & Gold Oil Vegetable,2L,N/A,$7.20,$0.36 per 100mL,https://foodlandbalaklava.com.au//lines/b-gold-oil-vegetable-2l-1
Foodland Balaklava,2025-05-04 23:54:55,B/​Ovn Sponge Roll Jam,400g,N/A,$4.75,$1.19 per 100g,https://foodlandbalaklava.com.au//lines/b-ovn-sponge-roll-jam-400gm
Foodland Balaklava,2025-05-04 23:54:55,"Babylovey Water Wipes, Travel Pack, 20 Pack",N/A,N/A,$2.65,$13.25 Units100,https://foodlandbalaklava.com.au//lines/babylove-wipes-baby-wtr-20s
Foodland Balaklava,2025-05-04 23:54:55,Babyu Scented Nappy Bags 200 Pack,N/A,N/A,$5.80,$0.03 Each,https://foodlandbalaklava.com.au//lines/baby-u-nappy-sacks-200pk
Foodland Balaklava,2025-05-04 23:54:55,Back & Gold Corn Flakes,440g,N/A,$2.50,$0.57 per 100g,https://foodlandbalaklava.com.au//lines/b-gold-corn-flakes-440gm
Foodland Balaklava,2025-05-04 23:54:56,Bakers Oven Iced Lemon Madeira Cake,315g,N/A,$3.60,$1.14 per 100g,https://foodlandbalaklava.com.au//lines/b-ovn-cke-madeira-icd-lmn315gm
Foodland Balaklava,2025-05-04 23:54:56,Baker’​s Oven Buffet Rolls 12pk,N/A,N/A,$4.45,$0.37 Each,https://foodlandbalaklava.com.au//lines/b-ovn-rolls-t-b-buffet-12pk
Foodland Balaklava,2025-05-04 23:54:56,Balducci Maccheroni No. 32,500g,was $2.00,$1.75,$0.35 per 100g,https://foodlandbalaklava.com.au//lines/balducci-maccheroni-no32-500gm
Foodland Balaklava,2025-05-04 23:54:56,Balducci Rigatoni No. 58,500g,was $2.00,$1.75,$0.35 per 100g,https://foodlandbalaklava.com.au//lines/balducci-rigatoni-58-500gm
Foodland Balaklava,2025-05-04 23:54:56,Balfours Fresh Albert Cake,500g,was $12.00,$11.35,$2.27 per 100g,https://foodlandbalaklava.com.au//lines/balfour-cake-bar-albert-500gm
Foodland Balaklava,2025-05-04 23:54:56,Balfours Frozen Pasty,600g,N/A,$10.20,$1.70 per 100g,https://foodlandbalaklava.com.au//lines/balfour-pasty-4s-600gm
Foodland Balaklava,2025-05-04 23:54:56,Band-Aid Tough Strips Extra Large Fabric 10 Pack,N/A,was $4.00,$3.30,$0.33 Each,https://foodlandbalaklava.com.au//lines/bandaid-tough-strips-x-lge-10s
Foodland Balaklava,2025-05-04 23:54:56,Beans Loose Stringless,N/A,N/A,$14.50,N/A,https://foodlandbalaklava.com.au//lines/beans-loose-stringless
Foodland Balaklava,2025-05-04 23:54:56,Beetroot Per Kg,N/A,N/A,$4.90,N/A,https://foodlandbalaklava.com.au//lines/beetroot-per-kg
Foodland Balaklava,2025-05-04 23:54:56,Bega Cheese Easy Melt Colby Slices,250g,was $7.90,$5.50,$22.00 per kg,https://foodlandbalaklava.com.au//lines/bega-chse-colby-e-mlt-slc250gm
Foodland Balaklava,2025-05-04 23:54:56,Bega Cheese Strong & Bitey Vintage Block,250g,was $7.90,$6.50,$26.00 per kg,https://foodlandbalaklava.com.au//lines/bega-chse-vint-s-bty-blok250gm
Foodland Balaklava,2025-05-04 23:54:56,Bega Cheese Tasty Block,500g,N/A,$9.50,$19.00 per kg,https://foodlandbalaklava.com.au//lines/bega-chse-tasty-block-500gm
Foodland Balaklava,2025-05-04 23:54:56,Bega Chse Slce Tasty Nat,750g,was $16.80,$14.00,$18.67 per kg,https://foodlandbalaklava.com.au//lines/bega-chse-slce-tasty-nat-750g
Foodland Balaklava,2025-05-04 23:54:56,Bega Farmers' Tasty Grated Cheese,500g,N/A,$9.50,$19.00 per kg,https://foodlandbalaklava.com.au//lines/bega-chse-tasty-shred-500gm
Foodland Balaklava,2025-05-04 23:54:56,Bellis Sch/​Bar Sbry,160g,N/A,$3.90,$2.44 per 100g,https://foodlandbalaklava.com.au//lines/bellis-sch-bar-sbry-160gm
Foodland Balaklava,2025-05-04 23:54:56,Belvita Strawberry Yoghurt Sandwich Breakfast Biscuits,253g,was $4.75,$4.10,$1.62 per 100g,https://foodlandbalaklava.com.au//lines/belvita-bisc-s-wich-s-bry253gm
Foodland Balaklava,2025-05-04 23:54:56,Berenberg Tomato Sauce,300mL,N/A,$6.00,$2.00 per 100mL,https://foodlandbalaklava.com.au//lines/beerenbrg-sce-tom-300ml
Foodland Balaklava,2025-05-04 23:54:56,Bertocchi Aussie Gold Rindless Bacon,400g,N/A,$10.00,$2.50 per 100g,https://foodlandbalaklava.com.au//lines/gold-long-rindless-smkd-bacon400g
Foodland Balaklava,2025-05-04 23:54:56,Best Foods Mayonnaise Jar,810g,N/A,$8.50,$1.05 per 100g,https://foodlandbalaklava.com.au//lines/best-foods-mayonnaise-810g
Foodland Balaklava,2025-05-04 23:54:56,Bic Glue Stick,21g,N/A,$2.36,N/A,https://foodlandbalaklava.com.au//lines/bic-glue-stick-21gm
Foodland Balaklava,2025-05-04 23:54:56,Bickford's Cordial Diet Lemon,750mL,N/A,$5.80,$7.73 per L,https://foodlandbalaklava.com.au//lines/bickfords-cord-diet-lmn-750ml
Foodland Balaklava,2025-05-04 23:54:56,Bickfords Jce Cloudy Pear,1L,N/A,$6.85,$6.85 per L,https://foodlandbalaklava.com.au//lines/bickfords-jce-cloudy-pear-1l
Foodland Balaklava,2025-05-04 23:54:56,Birds Eye Air Baked Barramundi,250g,N/A,$13.15,$52.60 per kg,https://foodlandbalaklava.com.au//lines/b-eye-fish-a-bke-barra-250g
Foodland Balaklava,2025-05-04 23:54:56,Birds Eye Birdseye Deli Golden Ale Chips,600g,N/A,$6.30,$10.50 per kg,https://foodlandbalaklava.com.au//lines/b-eye-deli-chip-beer-bat-600gm
Foodland Balaklava,2025-05-04 23:54:56,Birds Eye Country Harvest Carrot Cauliflower And Peas,500g,was $4.20,$3.50,$7.00 per kg,https://foodlandbalaklava.com.au//lines/b-eye-c-hrv-pea-carr-caul500gm
Foodland Balaklava,2025-05-04 23:54:56,Birds Eye Country Harvest Carrot Peas & Corn,1kg,N/A,$6.85,$6.85 per kg,https://foodlandbalaklava.com.au//lines/b-eye-c-harv-car-pea-corn-1kg
Foodland Balaklava,2025-05-04 23:54:56,Birds Eye Garden Peas,825g,was $6.95,$4.90,$5.94 per kg,https://foodlandbalaklava.com.au//lines/b-eye-peas-garden-825g
Foodland Balaklava,2025-05-04 23:54:56,Birds Eye Golden Crunch Beer Batter Steakhouse,750g,was $5.90,$5.00,$6.67 per kg,https://foodlandbalaklava.com.au//lines/b-eye-chips-crnch-stkhse-750gm
Foodland Balaklava,2025-05-04 23:54:56,Birds Eye Winter Vegetables,1kg,N/A,$6.85,$6.85 per kg,https://foodlandbalaklava.com.au//lines/b-eye-c-hrv-winter-veg-1kg
Foodland Balaklava,2025-05-04 23:54:56,Black & Gold Bleach Regular,2L,N/A,$1.70,$0.85 per L,https://foodlandbalaklava.com.au//lines/b-gold-bleach-regular-2l
Foodland Balaklava,2025-05-04 23:54:56,Black & Gold Corn Cobs,1kg,N/A,$5.00,$5.00 per kg,https://foodlandbalaklava.com.au//lines/b-gold-corn-on-cob-1kg
Foodland Balaklava,2025-05-04 23:54:56,Black & Gold Dim Sims,1kg,N/A,$6.50,$0.65 per 100g,https://foodlandbalaklava.com.au//lines/b-gold-dim-sims-1kg
Foodland Balaklava,2025-05-04 23:54:56,Black & Gold Lemon Juice,250mL,N/A,$1.00,$0.40 per 100mL,https://foodlandbalaklava.com.au//lines/b-gold-jce-lemon-250ml
Foodland Balaklava,2025-05-04 23:54:56,Black & Gold Lemon Soft Drink 1.​25,N/A,N/A,$1.30,$1.04 per L,https://foodlandbalaklava.com.au//lines/b-gold-lemon-1-25l
Foodland Balaklava,2025-05-04 23:54:56,Black & Gold Lemonade Soft Drink 1.​25,N/A,N/A,$1.30,$1.04 per L,https://foodlandbalaklava.com.au//lines/b-gold-lemonade-1-25l
Foodland Balaklava,2025-05-04 23:54:56,Black & Gold Mineral Water,1.25mL,N/A,$1.20,$0.96 per L,https://foodlandbalaklava.com.au//lines/b-gold-m-wtr-natural-1-25l
Foodland Balaklava,2025-05-04 23:54:56,Black & Gold Sardines In Tomato Sauce,125g,N/A,$1.00,$8.00 per kg,https://foodlandbalaklava.com.au//lines/b-gold-sardines-tom-sce-125gm
Foodland Balaklava,2025-05-04 23:54:56,Black & Gold Shortcut Bacon,1kg,N/A,$13.00,$13.00 per kg,https://foodlandbalaklava.com.au//lines/b-gold-bacon-shortcut-1kg
Foodland Balaklava,2025-05-04 23:54:56,Black & Gold Tomatoes Chopped,400g,N/A,$0.95,$2.38 per kg,https://foodlandbalaklava.com.au//lines/b-gold-tomatoes-chopped-400gm
Foodland Balaklava,2025-05-04 23:54:56,Black & Gold Vanilla Cream Wafers,125g,N/A,$0.80,$0.64 per 100g,https://foodlandbalaklava.com.au//lines/b-gold-wafer-vanilla-crm-125gm
Foodland Balaklava,2025-05-04 23:54:56,Black And Gold Frozen Corn Kernels,500g,N/A,$2.50,$5.00 per kg,https://foodlandbalaklava.com.au//lines/b-gold-corn-kernels-500gm
Foodland Balaklava,2025-05-04 23:54:56,Black And Gold Spray Trigger,500mL,N/A,$2.00,N/A,https://foodlandbalaklava.com.au//lines/b-gold-spray-trigger-500ml
Foodland Balaklava,2025-05-04 23:54:56,Black&​Gold Vegetable Oil,4L,N/A,$13.50,$0.34 per 100mL,https://foodlandbalaklava.com.au//lines/b-gold-oil-vegetable-4l-1
Foodland Balaklava,2025-05-04 23:54:56,Bulla Cream Thickened Light,300mL,was $3.70,$3.50,$1.17 per 100mL,https://foodlandbalaklava.com.au//lines/bulla-light-cream-300ml
Foodland Balaklava,2025-05-04 23:54:56,Bulla Premium Creamy Classics Rich Choc Chip 2,N/A,was $11.55,$7.00,$0.35 per 100mL,https://foodlandbalaklava.com.au//lines/bulla-i-crm-crm-cls-pr-c-chp2l
Foodland Balaklava,2025-05-04 23:54:56,Bulla Thickened Cooking Light Cream,300mL,N/A,$3.90,$1.30 per 100mL,https://foodlandbalaklava.com.au//lines/bulla-cooking-cream-300ml
Foodland Balaklava,2025-05-04 23:54:56,Bundaberg White Sugar,2kg,N/A,$4.00,$0.20 per 100g,https://foodlandbalaklava.com.au//lines/bundaberg-white-sugar-2kg
Foodland Balaklava,2025-05-04 23:54:56,Cadbury Baking Cocoa Bournville,250g,was $7.30,$6.50,$2.60 per 100g,https://foodlandbalaklava.com.au//lines/cad-bournville-cocoa-250gm
Foodland Balaklava,2025-05-04 23:54:58,Cadbury Baking Melts Dark Chocolate,225g,was $6.30,$6.05,$2.69 per 100g,https://foodlandbalaklava.com.au//lines/cad-cook-choc-dark-melts-225gm
Foodland Balaklava,2025-05-04 23:54:58,Cadbury Baking Melts Milk Chocolate,225g,was $6.30,$6.05,$2.69 per 100g,https://foodlandbalaklava.com.au//lines/cad-cook-choc-milk-melts-225gm
Foodland Balaklava,2025-05-04 23:54:58,Cadbury Cherry Ripe Bar Twin Pack,68g,N/A,$3.15,$4.63 per 100g,https://foodlandbalaklava.com.au//lines/cad-choc-cherry-ripe-68gm
Foodland Balaklava,2025-05-04 23:54:58,Cadbury Dairy Milk 4 Pack,360mL,was $12.60,$11.05,$3.07 per 100mL,https://foodlandbalaklava.com.au//lines/cad-m-p-i-crm-vanilla-4s
Foodland Balaklava,2025-05-04 23:54:58,Cadbury Dairy Milk Freddo Party,216g,N/A,$7.00,$3.24 per 100g,https://foodlandbalaklava.com.au//lines/cad-freddo-party-shr-pk-216gm
Foodland Balaklava,2025-05-04 23:54:58,Cadbury Dairy Milk Hazelnut Milk Chocolate Block,180g,was $8.00,$5.50,$3.06 per 100g,https://foodlandbalaklava.com.au//lines/cad-choc-hazelnut-180gm
Foodland Balaklava,2025-05-04 23:54:58,Cadbury Dairy Milk Marvellous Creations Jelly Popping Candy Beanies Milk Chocolate Block,190g,was $8.00,$5.50,$2.89 per 100g,https://foodlandbalaklava.com.au//lines/cad-choc-mc-jelly-bean-190gm
Foodland Balaklava,2025-05-04 23:54:58,Cadbury Dairy Milk Peppermint Milk Chocolate Block,180g,was $8.00,$5.50,$3.06 per 100g,https://foodlandbalaklava.com.au//lines/cad-choc-peppermint-180gm
Foodland Balaklava,2025-05-04 23:54:58,Cadbury Favourites Boxed Chocolate,340g,was $16.00,$8.00,$2.35 per 100g,https://foodlandbalaklava.com.au//lines/cadbury-favourites-340gm
Foodland Balaklava,2025-05-04 23:54:58,Cadbury Old Gold Dark Chocolate Peppermint Block,180g,was $8.00,$5.50,$3.06 per 100g,https://foodlandbalaklava.com.au//lines/cad-choc-o-gld-peppermnt-180gm
Foodland Balaklava,2025-05-04 23:54:58,Cadbury Old Gold Original Dark Chocolate Block,180g,was $8.00,$5.50,$3.06 per 100g,https://foodlandbalaklava.com.au//lines/cad-choc-o-gld-dark-180gm
Foodland Balaklava,2025-05-04 23:54:58,Cadbury Picnic Twin Pack,67g,N/A,$3.15,$4.70 per 100g,https://foodlandbalaklava.com.au//lines/cad-choc-picnic-k-size-67gm
Foodland Balaklava,2025-05-04 23:54:58,Cadbury Twirl Breakaway,40g,was $2.65,$2.05,$5.12 per 100g,https://foodlandbalaklava.com.au//lines/cad-choc-twirl-breakaway-40gm
Foodland Balaklava,2025-05-04 23:54:58,Cadbury Twirl Caramilk,39g,was $2.65,$2.05,$5.26 per 100g,https://foodlandbalaklava.com.au//lines/cad-choc-twirl-caramlk-39gm
Foodland Balaklava,2025-05-04 23:54:58,Campbell's Chicken Bone Broth,500mL,was $7.35,$6.00,$1.20 per 100mL,https://foodlandbalaklava.com.au//lines/camp-bone-broth-f-r-chkn-500ml
Foodland Balaklava,2025-05-04 23:54:58,Campbell's Real Stock Salt Reduced Chicken Stock,1L,N/A,$4.50,$0.45 per 100mL,https://foodlandbalaklava.com.au//lines/camp-real-stock-chick-s-r-1l
Foodland Balaklava,2025-05-04 23:54:58,Campbell's Real Stock Salt Reduced Vegetable Stock,1L,N/A,$4.50,$0.45 per 100mL,https://foodlandbalaklava.com.au//lines/camp-real-stock-veg-s-r-1l
Foodland Balaklava,2025-05-04 23:54:58,Capilano Honey,250g,N/A,$5.45,$2.18 per 100g,https://foodlandbalaklava.com.au//lines/capilano-honey-ud-250gm
Foodland Balaklava,2025-05-04 23:54:58,Carman's Aussie Oat Clusters Honey Crunch,450g,N/A,$8.95,$1.99 per 100g,https://foodlandbalaklava.com.au//lines/carmans-clstr-oat-aus-hny450gm
Foodland Balaklava,2025-05-04 23:54:58,Carman's Aussie Oat Clusters Honey Crunch Value Pack,800g,N/A,$9.50,$1.19 per 100g,https://foodlandbalaklava.com.au//lines/carmans-clstr-crnch-hny-800gm
Foodland Balaklava,2025-05-04 23:54:58,Carman's Oat Slice Belgian Chocolate Brownie,175g,was $6.50,$4.75,$2.71 per 100g,https://foodlandbalaklava.com.au//lines/carmans-oat-slc-belg-chc-175gm
Foodland Balaklava,2025-05-04 23:54:58,Chicken Kiev Garlic,N/A,N/A,$19.99,N/A,https://foodlandbalaklava.com.au//lines/chicken-kiev-garlic-1
Foodland Balaklava,2025-05-04 23:54:58,Chicken Steaks Honey Soy,N/A,N/A,$17.99,N/A,https://foodlandbalaklava.com.au//lines/chicken-steaks-honey-soy
Foodland Balaklava,2025-05-04 23:54:58,Chicken Tonight Honey Mustard Simmer Sauce,485g,N/A,$3.60,$0.74 per 100g,https://foodlandbalaklava.com.au//lines/tonight-chk-gld-hon-mustd485gm-1
Foodland Balaklava,2025-05-04 23:54:58,Chiko Corn Jack 5pk,575g,N/A,$7.90,$1.37 per 100g,https://foodlandbalaklava.com.au//lines/chiko-corn-jacks-5s-575gm
Foodland Balaklava,2025-05-04 23:54:58,Chris Greek Dips Avocado,200g,was $4.75,$4.50,$2.25 per 100g,https://foodlandbalaklava.com.au//lines/chris-dip-trad-avocado-200gm
Foodland Balaklava,2025-05-04 23:54:58,Chum Adult Dog Food With Lamb Can,1.2kg,N/A,$3.60,$0.30 per 100g,https://foodlandbalaklava.com.au//lines/chum-with-lamb-1-2kg
Foodland Balaklava,2025-05-04 23:54:58,Chux® Original Superwipes® 10 Pack 10pk,N/A,N/A,$5.15,$0.52 Each,https://foodlandbalaklava.com.au//lines/chux-super-wipes-regular-10s
Foodland Balaklava,2025-05-04 23:54:58,Clearwipe Antifog Lens Cleaner 20 Wipes,N/A,N/A,$5.05,$0.25 Each,https://foodlandbalaklava.com.au//lines/clearwipe-lens-clnr-a-fog-20pk
Foodland Balaklava,2025-05-04 23:54:58,Cobram Estate Extra Virgin Olive Oil Light Flavour,750mL,N/A,$25.00,$3.33 per 100mL,https://foodlandbalaklava.com.au//lines/cobram-o-oil-x-v-light-750m
Foodland Balaklava,2025-05-04 23:54:58,Cobram Estate Robust Extra Virgin Olive Oil,375mL,N/A,$13.00,$3.47 per 100mL,https://foodlandbalaklava.com.au//lines/cobram-olve-oil-rich-robust-375m
Foodland Balaklava,2025-05-04 23:54:58,Cobs Popcorn Sea Salt,80g,N/A,$3.70,$4.62 per 100g,https://foodlandbalaklava.com.au//lines/cobs-sea-salt-popcorn-80g
Foodland Balaklava,2025-05-04 23:54:58,Coca-Cola Light/​Diet Coke Diet Coca-Cola Soft Drink Multipack Cans,10 x 375mL,was $21.00,$12.00,$3.20 per L,https://foodlandbalaklava.com.au//lines/diet-coke-can-10x375ml
Foodland Balaklava,2025-05-04 23:54:58,Coca-Cola Zero Sugar Soft Drink Multipack Bottles,12 x 300mL,was $21.00,$17.90,$4.97 per L,https://foodlandbalaklava.com.au//lines/coca-cola-no-sug-12x300ml-1
Foodland Balaklava,2025-05-04 23:54:58,"Cold Power Advanced Clean Cold Water Enzyme, Liquid Laundry Detergent,",4L,N/A,$37.80,$9.45 per L,https://foodlandbalaklava.com.au//lines/cold-pwr-l-liq-adv-clean-4l
Foodland Balaklava,2025-05-04 23:54:58,"Colgate Advanced Whitening Charcoal Toothpaste, , With Micro-Cleansing Crystals",180g,N/A,$10.50,$5.83 per 100g,https://foodlandbalaklava.com.au//lines/colg-t-paste-adv-wht-chr-180gm
Foodland Balaklava,2025-05-04 23:54:58,"Colgate Sensitive Whitening Toothpaste, , For Sensitive Teeth Pain Relief",110g,was $9.45,$6.30,$5.73 per 100g,https://foodlandbalaklava.com.au//lines/colg-t-paste-sens-whtng-110gm
Foodland Balaklava,2025-05-04 23:54:58,Colgate Total Active Prevention Toothpaste Mint Stripe,115g,was $5.25,$4.30,$3.74 per 100g,https://foodlandbalaklava.com.au//lines/colg-t-paste-total-mnt-st115gm
Foodland Balaklava,2025-05-04 23:54:58,Community Co 3 Cheese Blend Shredded,250g,N/A,$6.00,$24.00 per kg,https://foodlandbalaklava.com.au//lines/comm-co-chse-3-blnd-shrd-250gm
Foodland Balaklava,2025-05-04 23:54:58,Community Co Burger Sauce,330mL,N/A,$3.60,$1.09 per 100mL,https://foodlandbalaklava.com.au//lines/comm-co-sce-burger-330ml
Foodland Balaklava,2025-05-04 23:54:58,Community Co Coconut & Honey Moisturising Body Wash,500mL,N/A,$2.40,$0.48 per 100mL,https://foodlandbalaklava.com.au//lines/comm-co-b-wsh-coco-honey-500ml
Foodland Balaklava,2025-05-04 23:54:58,Community Co Creamy Ranch Salad Kit,350g,was $5.80,$2.85,$8.14 per kg,https://foodlandbalaklava.com.au//lines/comm-co-salad-crmy-rnch-350gm
Foodland Balaklava,2025-05-04 23:54:58,Community Co Crusty Vienna Loaf,460g,N/A,$4.20,$0.91 per 100g,https://foodlandbalaklava.com.au//lines/comm-co-loaf-vienna-crst-460g
Foodland Balaklava,2025-05-04 23:54:58,Community Co Dairy Free Buttery Taste Spread,300g,N/A,$2.95,$0.98 per 100g,https://foodlandbalaklava.com.au//lines/comm-co-sprd-d-fr-buttry-300gm
Foodland Balaklava,2025-05-04 23:54:58,Community Co Ham Steaks,500g,was $7.00,$5.00,$10.00 per kg,https://foodlandbalaklava.com.au//lines/comm-co-ham-steaks-500gm
Foodland Balaklava,2025-05-04 23:54:58,Community Co Jasmine Microwavable Rice,250g,N/A,$1.90,$0.76 per 100g,https://foodlandbalaklava.com.au//lines/comm-co-m-wve-rce-jasmin-250gm
Foodland Balaklava,2025-05-04 23:54:58,Community Co Kids Tasty Cheese & Crackers,30g,N/A,$4.40,$36.67 per kg,https://foodlandbalaklava.com.au//lines/comm-co-chse-tsty-crkr-mp4x30g
Foodland Balaklava,2025-05-04 23:54:58,Community Co Lasagne,375g,N/A,$5.00,$1.33 per 100g,https://foodlandbalaklava.com.au//lines/comm-co-frsh-psta-lasagna375gm
Foodland Balaklava,2025-05-04 23:54:59,Community Co Quiche Lorraine,700g,N/A,$14.45,$2.06 per 100g,https://foodlandbalaklava.com.au//lines/comm-co-quiche-lorraine-700gm-1
Foodland Balaklava,2025-05-04 23:54:59,Community Co Quick Oats Honey,420g,N/A,$4.55,$1.08 per 100g,https://foodlandbalaklava.com.au//lines/comm-co-oats-quik-hny-sch420gm
Foodland Balaklava,2025-05-04 23:54:59,Community Co Shredded Parmesan Cheese,125g,N/A,$3.70,$29.60 per kg,https://foodlandbalaklava.com.au//lines/comm-co-chse-parm-shrd-125gm
Foodland Balaklava,2025-05-04 23:54:59,Community Co White Chocolate Mud Cake,600g,was $6.60,$5.90,$0.98 per 100g,https://foodlandbalaklava.com.au//lines/comm-co-mud-cke-wht-choc-600gm
Foodland Balaklava,2025-05-04 23:54:59,Community Co Whole Egg Mayonnaise,460mL,N/A,$4.10,$0.89 per 100mL,https://foodlandbalaklava.com.au//lines/comm-co-mayo-whl-egg-460ml
Foodland Balaklava,2025-05-04 23:54:59,Community Co. Free Range Eggs 18pk,N/A,N/A,$8.60,$0.96 per 100g,https://foodlandbalaklava.com.au//lines/comm-co-eggs-f-r-18pk-900gm
Foodland Balaklava,2025-05-04 23:54:59,Community Co. Honey,500g,N/A,$6.50,$1.30 per 100g,https://foodlandbalaklava.com.au//lines/comm-co-honey-jar-500gm
Foodland Balaklava,2025-05-04 23:54:59,Community Co. Pitted Dates,500g,N/A,$3.60,$7.20 per kg,https://foodlandbalaklava.com.au//lines/comm-co-dates-pitted-500gm-1
Foodland Balaklava,2025-05-04 23:54:59,Community Co. Triple Cream Brie,125g,N/A,$4.00,$32.00 per kg,https://foodlandbalaklava.com.au//lines/comm-co-chse-brie-trpl-125gm
Foodland Balaklava,2025-05-04 23:54:59,Conroys Fritz,500g,N/A,$8.00,N/A,https://foodlandbalaklava.com.au//lines/conroys-fritz-500gm
Foodland Balaklava,2025-05-04 23:54:59,Continental Classics Cup A Soup Mild Chicken Curry With Lots Of Noodles,58g,was $2.95,$1.40,$2.41 per 100mL,https://foodlandbalaklava.com.au//lines/cupasoup-lots-ndl-chk-cry-2srv
Foodland Balaklava,2025-05-04 23:54:59,Continental Classics Fried Rice Oriental Family Pack,180g,was $4.20,$2.75,$1.53 per 100g,https://foodlandbalaklava.com.au//lines/cont-rice-fried-v-pack-180gm
Foodland Balaklava,2025-05-04 23:54:59,Continental Classics Pasta & Sauce Alfredo,85g,was $3.15,$2.75,$3.24 per 100g,https://foodlandbalaklava.com.au//lines/cont-pasta-sce-alfredo-85gm
Foodland Balaklava,2025-05-04 23:54:59,Copha,250g,N/A,$3.15,$1.26 per 100g,https://foodlandbalaklava.com.au//lines/copha-250gm-1
Foodland Balaklava,2025-05-04 23:54:59,Cornwell's White Vinegar,2L,N/A,$4.50,$0.22 per 100mL,https://foodlandbalaklava.com.au//lines/c-well-vinegar-white-2l
Foodland Balaklava,2025-05-04 23:54:59,Country Life Fresh Linen & White Clay 5 Pack,N/A,was $4.75,$3.65,$0.81 per 100g,https://foodlandbalaklava.com.au//lines/c-life-soap-frsh-lin-clay-5pk
Foodland Balaklava,2025-05-04 23:54:59,Creative Gourmet Frozen Mango Pieces,900g,N/A,$10.50,$11.67 per kg,https://foodlandbalaklava.com.au//lines/creat-gourm-mango-900gm
Foodland Balaklava,2025-05-04 23:54:59,Dairy Farmers Thick & Creamy Yoghurt Mango & Passionfruit,4 x 110g,N/A,$3.95,$0.90 per 100g,https://foodlandbalaklava.com.au//lines/d-farm-ygt-t-crmy-m-pas-4x110g
Foodland Balaklava,2025-05-04 23:54:59,Dairy Farmers Thick & Creamy Yoghurt Yellow Box Honey,150g,was $2.75,$1.30,$0.87 per 100g,https://foodlandbalaklava.com.au//lines/d-farm-ygt-t-crmy-y-b-hny150gm
Foodland Balaklava,2025-05-04 23:54:59,Dandy Middle Bacon,1kg,N/A,$15.75,$15.75 per kg,https://foodlandbalaklava.com.au//lines/dandy-bacon-middle-1kg
Foodland Balaklava,2025-05-04 23:54:59,Dare No Sugar Added Espresso,500mL,N/A,$4.15,$8.30 per L,https://foodlandbalaklava.com.au//lines/dare-cof-espresso-nas-500ml
Foodland Balaklava,2025-05-04 23:54:59,Darrel Lea Raspberry & White Chocolate Bullets,180g,was $6.30,$5.70,$3.17 per 100g,https://foodlandbalaklava.com.au//lines/darrell-lea-bullet-rbry-wh180g
Foodland Balaklava,2025-05-04 23:54:59,Deeko 1 Ply White Lunch Napkins 200 Pack,N/A,was $3.80,$3.00,$1.50 Units100,https://foodlandbalaklava.com.au//lines/d-ko-serv-hypo-alrg-1p-200s-1
Foodland Balaklava,2025-05-04 23:54:59,Deeko 1 Ply White Lunch Napkins 80 Pack,N/A,was $1.80,$1.35,$1.69 Units100,https://foodlandbalaklava.com.au//lines/d-ko-serv-white-1p-80s-1
Foodland Balaklava,2025-05-04 23:54:59,Devondale Skim Milk 1,N/A,N/A,$2.20,$2.20 per L,https://foodlandbalaklava.com.au//lines/d-dale-milk-skim-uht-1l
Foodland Balaklava,2025-05-04 23:54:59,Diet Rite Portello 1.​25,N/A,was $1.80,$1.55,$1.24 per L,https://foodlandbalaklava.com.au//lines/diet-rite-csd-portello-1-25l
Foodland Balaklava,2025-05-04 23:54:59,Dine Classic Collection Saucy Morsels With Tuna Mornay & Cheese,85g,was $1.70,$1.10,$1.29 per 100g,https://foodlandbalaklava.com.au//lines/dine-tuna-mornay-topp-chse85gm
Foodland Balaklava,2025-05-04 23:54:59,Dine Creamy Treats Tuna & Salmon,4 x 12g,N/A,$4.20,$8.75 per 100g,https://foodlandbalaklava.com.au//lines/dine-crmy-treat-tun-sal-4x12gm
Foodland Balaklava,2025-05-04 23:54:59,Dine Creamy Treats Tuna Flavour Cat Treats Sachet,4 x 12g,N/A,$4.20,$8.75 per 100g,https://foodlandbalaklava.com.au//lines/dine-crmy-treat-tuna-4x12gm
Foodland Balaklava,2025-05-04 23:54:59,Dine Desire Grain Free Wet Cat Food Chicken Breast Can,85g,N/A,$2.50,$2.94 per 100g,https://foodlandbalaklava.com.au//lines/dine-dsire-succ-chic-brst-85gm
Foodland Balaklava,2025-05-04 23:54:59,Dine Fine Flakes Adult Wet Cat Food Tuna & Prawns Pouch,35g,was $1.80,$1.55,$4.43 per 100g,https://foodlandbalaklava.com.au//lines/dine-f-flks-tuna-prawns-35gm
Foodland Balaklava,2025-05-04 23:54:59,Dine Fine Flakes Adult Wet Cat Food Tuna & Whitefish Pouch,35g,was $1.80,$1.55,$4.43 per 100g,https://foodlandbalaklava.com.au//lines/dine-f-flks-tuna-whitebait35gm
Foodland Balaklava,2025-05-04 23:54:59,Dine Fresh & Fine Adult Wet Cat Food In Gravy Chicken & Turkey Pouches,6 x 50g,N/A,$6.60,$2.20 per 100g,https://foodlandbalaklava.com.au//lines/dine-f-fine-grvy-chc-tur6x50gm
Foodland Balaklava,2025-05-04 23:54:59,Dolmio Classic Tomato With Basil Pasta Sauce,500g,N/A,$2.70,$0.54 per 100g,https://foodlandbalaklava.com.au//lines/dolmio-pst-sce-basil-500gm
Foodland Balaklava,2025-05-04 23:54:59,Dolmio Extra Bolognese Pasta Sauce,500g,was $4.85,$4.10,$0.82 per 100g,https://foodlandbalaklava.com.au//lines/dolmio-pst-sce-bolognese-500gm
Foodland Balaklava,2025-05-04 23:54:59,Dolmio Thick Tomato Lasagne Sauce,505g,N/A,$4.00,$0.79 per 100g,https://foodlandbalaklava.com.au//lines/dolmio-sce-thck-tom-lasag505gm
Foodland Balaklava,2025-05-04 23:54:59,Don® Salami Danish Chub,200g,was $9.35,$7.20,$36.00 per kg,https://foodlandbalaklava.com.au//lines/don-salami-danish-200gm
Foodland Balaklava,2025-05-04 23:54:59,Doritos Mexicana Corn Chips,170g,was $5.00,$3.60,$2.12 per 100g,https://foodlandbalaklava.com.au//lines/doritos-c-chip-mexicana-170gm
Foodland Balaklava,2025-05-04 23:54:59,"Dove Beauty Cream Bar For Soft, Smooth, Healthy-Looking Skin Original With ¼ Moisturising Cream",4 x 90g,N/A,$8.95,$2.49 per 100g,https://foodlandbalaklava.com.au//lines/dove-body-bar-regular-4x90gm
Foodland Balaklava,2025-05-04 23:54:59,Duracell Coppertop 9v Batteries 2 Pack,N/A,was $18.80,$14.00,$7.00 Each,https://foodlandbalaklava.com.au//lines/duracell-coppertop-batteries-2-0x9
Foodland Balaklava,2025-05-04 23:54:59,Eclipse Spearmint Flavoured Chewy Mints Bottle,93g,was $5.25,$4.70,$5.05 per 100g,https://foodlandbalaklava.com.au//lines/wrig-eclipse-chwy-smint-93gm
Foodland Balaklava,2025-05-04 23:54:59,Edgell Chick Peas With Olive Oil & Sea Salt,70g,was $1.70,$1.40,$20.00 per kg,https://foodlandbalaklava.com.au//lines/edg-peas-chick-o-o-s-slt-70gm
Foodland Balaklava,2025-05-04 23:54:59,Edgell Garden Peas,220g,N/A,$1.90,$8.64 per kg,https://foodlandbalaklava.com.au//lines/edg-peas-green-220gm
Foodland Balaklava,2025-05-04 23:54:59,Edgell Mexican Bean Mix,400g,was $2.30,$1.95,$4.88 per kg,https://foodlandbalaklava.com.au//lines/edg-mexican-bean-mix-400gm
Foodland Balaklava,2025-05-04 23:54:59,Edgell Mushrooms Sliced,220g,N/A,$2.50,$11.36 per kg,https://foodlandbalaklava.com.au//lines/edg-mushroom-slc-b-sce-220gm
Foodland Balaklava,2025-05-04 23:54:59,Edgell Organic Chickpeas,400g,was $2.65,$2.20,$5.50 per kg,https://foodlandbalaklava.com.au//lines/edg-peas-chick-org-nas-400gm
Foodland Balaklava,2025-05-04 23:54:59,Edgell Super Sweet Corn Kernels,420g,was $2.65,$2.20,$5.24 per kg,https://foodlandbalaklava.com.au//lines/edg-corn-supr-swt-420gm
Foodland Balaklava,2025-05-04 23:54:59,Epsom Salts,375g,N/A,$4.05,$1.08 per 100g,https://foodlandbalaklava.com.au//lines/sanofi-epsom-salts-375gm
Foodland Balaklava,2025-05-04 23:55:00,Extra Peppermint Sugar Free Chewing Gum,81g,N/A,$5.50,$6.79 per 100g,https://foodlandbalaklava.com.au//lines/wrig-extra-pmnt-s-f-00634-42pc
Foodland Balaklava,2025-05-04 23:55:00,F/​Country Mince Bolognaise Rw,N/A,N/A,$19.99,N/A,https://foodlandbalaklava.com.au//lines/free-country-bolognese-mince-rw
Foodland Balaklava,2025-05-04 23:55:00,"Fab Perfume Indulgence Sublime Velvet, Washing Liquid Laundry Detergent,",900mL,N/A,$9.45,$10.50 per L,https://foodlandbalaklava.com.au//lines/fab-l-liq-perf-ind-velvt-900ml
Foodland Balaklava,2025-05-04 23:55:00,Fancy Feast Adult Petite Delights Chicken Tuna & Turkey Grilled Wet Cat Food,6 x 50g,was $6.60,$5.50,$1.83 per 100g,https://foodlandbalaklava.com.au//lines/purina-f-fst-pt-chk-trk-6x50gm
Foodland Balaklava,2025-05-04 23:55:00,Fancy Feast Classic Pate Ocean Whitefish & Tuna Feast Wet Cat Food Can,85g,was $2.00,$1.60,$1.88 per 100g,https://foodlandbalaklava.com.au//lines/purina-f-fst-clas-wfsh-tna85gm
Foodland Balaklava,2025-05-04 23:55:00,Fantastic Delites Cheddar Cheese,100g,was $2.95,$1.40,$1.40 per 100g,https://foodlandbalaklava.com.au//lines/fantastic-dlte-chdr-chse-100gm
Foodland Balaklava,2025-05-04 23:55:00,Fantastic Delites Curls Rice Snacks Sour Cream & Chives,80g,was $2.75,$1.85,$2.31 per 100g,https://foodlandbalaklava.com.au//lines/fantastic-curls-srcrm-chiv80gm
Foodland Balaklava,2025-05-04 23:55:00,Fantastic Delites Honey Soy Chicken,100g,was $2.95,$1.40,$1.40 per 100g,https://foodlandbalaklava.com.au//lines/fantastic-dlte-hny-sy-chk100gm
Foodland Balaklava,2025-05-04 23:55:00,Fantastic Rice Crackers Original,100g,N/A,$2.50,$2.50 per 100g,https://foodlandbalaklava.com.au//lines/fantastic-rcrkr-orgnl-100gm
Foodland Balaklava,2025-05-04 23:55:00,Farmers Union Greek Style Yogurt,500g,N/A,$4.50,$0.90 per 100g,https://foodlandbalaklava.com.au//lines/farm-union-ygt-greek-styl-500g
Foodland Balaklava,2025-05-04 23:55:00,Felix Adult As Good As It Looks™ Meat Menus In Jelly Wet Cat Food,24 x 85g,N/A,$21.50,$1.05 per 100g,https://foodlandbalaklava.com.au//lines/purina-felix-meat-menu-24x85gm
Foodland Balaklava,2025-05-04 23:55:00,Fetta Danish Cheese,N/A,N/A,$14.99,N/A,https://foodlandbalaklava.com.au//lines/fetta-danish-cheese-1
Foodland Balaklava,2025-05-04 23:55:00,Fibre One Choc Fudge Brownies,120g,was $7.25,$5.50,$4.58 per 100g,https://foodlandbalaklava.com.au//lines/fibre-one-brwn-choc-fudge120gm
Foodland Balaklava,2025-05-04 23:55:00,Finish Powder Concentrate Classic Lemon,1kg,N/A,$15.00,$1.50 per 100g,https://foodlandbalaklava.com.au//lines/finish-d-wsh-pdr-lem-conc-1kg
Foodland Balaklava,2025-05-04 23:55:00,Finish Rinse & Shine Aid,500mL,was $12.10,$7.95,$1.59 per 100mL,https://foodlandbalaklava.com.au//lines/finish-rinse-aid-reg-500ml
Foodland Balaklava,2025-05-04 23:55:00,Finish Ultimate Dishwashing Tablets Lemon 16 Pack,N/A,was $22.05,$11.00,$0.69 Each,https://foodlandbalaklava.com.au//lines/finish-qtm-tab-ult-pro-lemn16s
Foodland Balaklava,2025-05-04 23:55:00,Five Brothers Roasted Garlic & Red Wine Pasta Sauce,500g,was $5.25,$4.00,$0.80 per 100g,https://foodlandbalaklava.com.au//lines/five-b-p-sc-rst-garl-wne-500gm-3
Foodland Balaklava,2025-05-04 23:55:00,Flora Margarine Spread Original,500g,was $5.50,$4.70,$0.94 per 100g,https://foodlandbalaklava.com.au//lines/flora-sprd-orig-500gm
Foodland Balaklava,2025-05-04 23:55:00,Flora Pro-Activ Buttery,500g,was $10.00,$7.50,$1.50 per 100g,https://foodlandbalaklava.com.au//lines/flora-sprd-pro-activ-btry500gm
Foodland Balaklava,2025-05-04 23:55:00,Foodland Ice Cream Vanilla Multipack,6 x 125mL,N/A,$7.50,$1.00 per 100mL,https://foodlandbalaklava.com.au//lines/f-land-i-crm-van-m-p-6x125ml
Foodland Balaklava,2025-05-04 23:55:00,Foodland Reduced Fat Milk,1L,was $2.00,$1.90,$1.90 per L,https://foodlandbalaklava.com.au//lines/f-land-red-fat-milk-1lt
Foodland Balaklava,2025-05-04 23:55:00,Fountain® Tomato Sauce,500mL,N/A,$2.40,$0.48 per 100mL,https://foodlandbalaklava.com.au//lines/fount-sce-sqz-tomato-500ml
Foodland Balaklava,2025-05-04 23:55:00,Free Country Prem Beef Mince R/​W,N/A,N/A,$12.00,$23.99 per kg,https://foodlandbalaklava.com.au//lines/free-country-prem-beef-mince-r-w-2
Foodland Balaklava,2025-05-04 23:55:00,Fry's Turkish Delight Bar Twin Pack,70g,N/A,$3.15,$4.50 per 100g,https://foodlandbalaklava.com.au//lines/frys-turk-delight-70gm
Foodland Balaklava,2025-05-04 23:55:00,Fry's Turkish Delight Sharepack,180g,was $7.00,$6.20,$3.44 per 100g,https://foodlandbalaklava.com.au//lines/frys-turk-delight-sh-pk-180gm
Foodland Balaklava,2025-05-04 23:55:00,Fun Faves Variety Mp 18,324g,N/A,$9.70,$2.99 per 100g,https://foodlandbalaklava.com.au//lines/fun-faves-variety-mp-18-324gm
Foodland Balaklava,2025-05-04 23:55:00,Fussy Cat™ Grain Free Adult Cat Beef & Kangaroo With Sweet Potato Wet Food,400g,was $2.90,$2.00,$0.50 per 100g,https://foodlandbalaklava.com.au//lines/fussy-cat-bf-kangaroo-400gm
Foodland Balaklava,2025-05-04 23:55:00,Fussy Cat™ Grain Free Adult Cat Chicken & Turkey With Cranberry Wet Food,400g,was $2.90,$2.00,$0.50 per 100g,https://foodlandbalaklava.com.au//lines/fussy-cat-chkn-turkey-400gm
Foodland Balaklava,2025-05-04 23:55:00,Fussy Cat™ Grain Free Adult Cat Chicken Mince Casserole Wet Food,400g,was $2.90,$2.00,$0.50 per 100g,https://foodlandbalaklava.com.au//lines/fussy-cat-mince-chic-cas-400gm
Foodland Balaklava,2025-05-04 23:55:00,Gales Lemon Curd,410g,N/A,$7.50,$1.83 per 100g,https://foodlandbalaklava.com.au//lines/gales-lemon-curd-410g
Foodland Balaklava,2025-05-04 23:55:00,Gawler South Bakery Apple Turnover,230g,N/A,$4.80,$2.09 per 100g,https://foodlandbalaklava.com.au//lines/gsb-apple-turnover-230g
Foodland Balaklava,2025-05-04 23:55:00,George Weston Foods Yumi's Avocado Dip Dairy & Gluten Free,200g,N/A,$4.00,$2.00 per 100g,https://foodlandbalaklava.com.au//lines/yumi-s-avocado-sea-salt-dip-200g
Foodland Balaklava,2025-05-04 23:55:00,Gfresh Mixed Spice,85g,N/A,$4.20,$0.47 per 10g,https://foodlandbalaklava.com.au//lines/gfresh-mixed-spice-85gm
Foodland Balaklava,2025-05-04 23:55:00,Gfresh Parsley Flakes,20g,N/A,$4.20,$0.47 per 10g,https://foodlandbalaklava.com.au//lines/gfresh-parsley-flakes-20gm
Foodland Balaklava,2025-05-04 23:55:00,Gfresh Seasoning Taco,130g,N/A,$4.20,$0.47 per 10g,https://foodlandbalaklava.com.au//lines/gfresh-seasoning-taco-130gm
Foodland Balaklava,2025-05-04 23:55:00,Gippsland Dairy Boysenberry Twist Yogurt,700g,N/A,$7.90,$1.13 per 100g,https://foodlandbalaklava.com.au//lines/gipsland-yog-twt-boysenberry-700g
Foodland Balaklava,2025-05-04 23:55:00,Gippsland Dairy Toffee & Honeycomb Twist Yogurt,700g,N/A,$7.90,$1.13 per 100g,https://foodlandbalaklava.com.au//lines/gipsland-yog-twt-toffee-honeycomb-700g
Foodland Balaklava,2025-05-04 23:55:00,Glad Foil 20 Metres X 30cm,20m,N/A,$5.50,$0.28 per cm,https://foodlandbalaklava.com.au//lines/glad-foil-20m
Foodland Balaklava,2025-05-04 23:55:00,Glad Handle Tie Lavender And Orchid Bin Liners Medium 30pk 30pk,N/A,N/A,$4.20,$0.14 Each,https://foodlandbalaklava.com.au//lines/glad-bag-hndl-tie-lav-med-30s
Foodland Balaklava,2025-05-04 23:55:00,Glad Snaplock Reseal Snack Bags 60pk 60pk,N/A,N/A,$3.70,$0.06 Each,https://foodlandbalaklava.com.au//lines/glad-bag-s-lock-store-mini-60s
Foodland Balaklava,2025-05-04 23:55:00,Glad Wrap,80m,N/A,$6.85,$0.09 per cm,https://foodlandbalaklava.com.au//lines/glad-wrap-80m
Foodland Balaklava,2025-05-04 23:55:00,Global Seafoods Salt & Pepper Squid,500g,was $13.85,$12.95,$25.90 per kg,https://foodlandbalaklava.com.au//lines/squid-salt-pep-500gm
Foodland Balaklava,2025-05-04 23:55:00,Goanna Oil Tea Tree,50mL,was $6.45,$5.10,$10.20 per 100mL,https://foodlandbalaklava.com.au//lines/goanna-oil-tea-tree-50ml-1
Foodland Balaklava,2025-05-04 23:55:00,Golden Circle® Apple Blackcurrant Fruit Drink,1L,N/A,$2.85,$2.85 per L,https://foodlandbalaklava.com.au//lines/g-circ-drk-apl-blkcrnt-1l
Foodland Balaklava,2025-05-04 23:55:00,Golden Circle® Apple Raspberry Fruit Drink,6 x 250mL,was $5.10,$4.50,$3.00 per L,https://foodlandbalaklava.com.au//lines/g-circ-drk-apl-rasp-6x250ml
Foodland Balaklava,2025-05-04 23:55:00,Golden Circle® Golden Pash Fruit Drink,1L,N/A,$2.85,$2.85 per L,https://foodlandbalaklava.com.au//lines/g-circ-drk-golden-pash-1l
Foodland Balaklava,2025-05-04 23:55:00,Golden Circle® Golden Pash Fruit Drink,6 x 250mL,was $5.10,$4.50,$3.00 per L,https://foodlandbalaklava.com.au//lines/g-circ-drk-golden-pash-6x250ml
Foodland Balaklava,2025-05-04 23:55:00,Golden Circle® Sliced Beetroot,450g,was $2.85,$2.20,$4.89 per kg,https://foodlandbalaklava.com.au//lines/g-circ-beetroot-450gm
Foodland Balaklava,2025-05-04 23:55:01,Golden Circle® Tropical Juice,2L,was $5.05,$3.90,$1.95 per L,https://foodlandbalaklava.com.au//lines/g-circ-jce-tropical-pet-2l
Foodland Balaklava,2025-05-04 23:55:01,Golden Days Sesame Snaps Dark Chocolate 3 Pack,120g,N/A,$4.20,$3.50 per 100g,https://foodlandbalaklava.com.au//lines/gld-day-ses-snap-d-choc-3x40g
Foodland Balaklava,2025-05-04 23:55:01,Golden North Giant Twin Vanilla,5 x 150mL,was $10.00,$8.65,$1.15 per 100mL,https://foodlandbalaklava.com.au//lines/g-north-m-p-twn-van-5x150gm
Foodland Balaklava,2025-05-04 23:55:01,Golden® Pancakes 6 Pack,360g,N/A,$5.50,$1.53 per 100g,https://foodlandbalaklava.com.au//lines/golden-pancakes-360gm
Foodland Balaklava,2025-05-04 23:55:01,Gravox® Supreme Gravy Mix,425g,was $6.30,$6.00,$0.14 per 10g,https://foodlandbalaklava.com.au//lines/gravox-gravy-pdr-supreme-425gm
Foodland Balaklava,2025-05-04 23:55:01,Green's Gravy Granules For Chicken,120g,N/A,$5.05,$0.42 per 10g,https://foodlandbalaklava.com.au//lines/greens-gravy-gran-chic-120gm
Foodland Balaklava,2025-05-04 23:55:01,Green's Pancake Shake Buttermilk,325g,N/A,$3.70,$1.14 per 100g,https://foodlandbalaklava.com.au//lines/greens-p-cake-shkr-b-milk-325g
Foodland Balaklava,2025-05-04 23:55:01,Greenseas® Tuna Sweet Chilli,95g,was $2.77,$1.30,$13.68 per kg,https://foodlandbalaklava.com.au//lines/greenseas-tuna-swt-chilli-95gm
Foodland Balaklava,2025-05-04 23:55:01,Ham Honey,N/A,N/A,$29.00,N/A,https://foodlandbalaklava.com.au//lines/ham-honey
Foodland Balaklava,2025-05-04 23:55:01,Handee Ultra Paper Towels 3 Pack,N/A,N/A,$5.25,$2.92 per 100 Sheets,https://foodlandbalaklava.com.au//lines/handee-towel-ult-white-2p-3s
Foodland Balaklava,2025-05-04 23:55:01,Happy Muffin Co Double Choc 8pk,N/A,N/A,$5.45,$1.70 per 100g,https://foodlandbalaklava.com.au//lines/happy-muffin-co-mini-double-choc-8pk
Foodland Balaklava,2025-05-04 23:55:01,Harpic Fresh Power Toilet Cleaning Tabs – Mountain Pine,N/A,was $14.70,$7.20,$1.20 Each,https://foodlandbalaklava.com.au//lines/harpic-tlt-clnr-tab-pine-6pk
Foodland Balaklava,2025-05-04 23:55:01,Harpic White & Shine Ultimate Bleach Power Fresh,450mL,N/A,$3.50,$0.78 per 100mL,https://foodlandbalaklava.com.au//lines/harpic-wht-shine-frsh-450ml
Foodland Balaklava,2025-05-04 23:55:01,Heinz® Alphaghetti® Pasta Letters In Tomato Sauce,220g,N/A,$2.20,$1.00 per 100g,https://foodlandbalaklava.com.au//lines/hnz-alphaghetti-tom-220gm
Foodland Balaklava,2025-05-04 23:55:01,"Heinz® Apple, Blueberry And Strawberry 8+ Months",120g,N/A,$1.60,$1.33 per 100g,https://foodlandbalaklava.com.au//lines/hnz-apl-b-bry-s-bry-sp-120gm
Foodland Balaklava,2025-05-04 23:55:01,Heinz® Little Treats Mango & Vanilla Custard + Months,120g,N/A,$1.60,$1.33 per 100g,https://foodlandbalaklava.com.au//lines/hnz-mango-vanilla-cust-120gm
Foodland Balaklava,2025-05-04 23:55:01,Heinz® Tomato Ketchup,500mL,N/A,$5.25,$1.05 per 100mL,https://foodlandbalaklava.com.au//lines/hnz-sce-ketchup-tomato-500ml
Foodland Balaklava,2025-05-04 23:55:01,Heinz® [​Seriously] Good™ Original Mayonnaise,295mL,was $5.80,$5.20,$1.76 per 100mL,https://foodlandbalaklava.com.au//lines/hnz-mayo-original-sqz-295ml
Foodland Balaklava,2025-05-04 23:55:01,Helga's Lower Carb Wholemeal & Seed Sliced Bread (​Vs Low Carb),700g,N/A,$5.40,$0.77 per 100g,https://foodlandbalaklava.com.au//lines/helga-brd-l-crb-whml-sd-700gm
Foodland Balaklava,2025-05-04 23:55:01,Helga's Wholemeal Sourdough,750g,was $6.50,$5.00,$0.67 per 100g,https://foodlandbalaklava.com.au//lines/helga-brd-sourdough-wholemeal-750gm
Foodland Balaklava,2025-05-04 23:55:01,Helgas Bread Pumpkin Five Seed,720g,was $6.55,$5.00,$0.69 per 100g,https://foodlandbalaklava.com.au//lines/helga-brd-pumpkin-5-seed-720gm
Foodland Balaklava,2025-05-04 23:55:01,Helgas Bread Turkish White,450g,was $4.00,$3.60,$0.80 per 100g,https://foodlandbalaklava.com.au//lines/helga-brd-turkish-white-450gm
Foodland Balaklava,2025-05-04 23:55:01,Herbal Essences Shampoo Hydrate Coconut Milk,400mL,N/A,$14.20,$3.55 per 100mL,https://foodlandbalaklava.com.au//lines/herb-ess-s-poo-hyd-c-mlk-400ml
Foodland Balaklava,2025-05-04 23:55:01,Hi Fresh Gourmet Coleslaw,400g,N/A,$4.20,$1.05 per 100g,https://foodlandbalaklava.com.au//lines/hi-fresh-gourmet-coleslaw-400g
Foodland Balaklava,2025-05-04 23:55:01,Holbrooks Worcestershire Sauce,500mL,N/A,$6.30,$1.26 per 100mL,https://foodlandbalaklava.com.au//lines/holb-sce-worcestershire-500ml
Foodland Balaklava,2025-05-04 23:55:01,Huggies Bio Baby Wipes 64 Pack,N/A,N/A,$6.30,$9.84 Units100,https://foodlandbalaklava.com.au//lines/huggies-ult-b-wipes-biodgrd64s
Foodland Balaklava,2025-05-04 23:55:01,Huggies Drynites Night Time Pants For Boys 8-15 Years (​27-57kg) 8 Pack,N/A,was $12.60,$11.00,$1.38 Each,https://foodlandbalaklava.com.au//lines/huggies-drynite-boy-8-15-yr-8s
Foodland Balaklava,2025-05-04 23:55:01,Huggies Essentials Nappies Size 4 (​10 - ),46 x 15kg,was $25.20,$18.00,$0.39 Each,https://foodlandbalaklava.com.au//lines/huggies-essential-toddler-46s
Foodland Balaklava,2025-05-04 23:55:01,Huggies Essentials Nappies Size 5 (​13 - ),44 x 18kg,was $25.20,$18.00,$0.41 Each,https://foodlandbalaklava.com.au//lines/huggies-essential-walker-28s
Foodland Balaklava,2025-05-04 23:55:01,Huggies Infant Nappies Size 2 (​4-8kg) 96 Pack,N/A,N/A,$39.00,$0.41 Each,https://foodlandbalaklava.com.au//lines/huggie-ult-nappy-infant-96s
Foodland Balaklava,2025-05-04 23:55:01,Huggies Ultra Dry Nappies Boys Size 6 (​16kg+​) 30 Pack,N/A,was $22.00,$17.00,$0.57 Each,https://foodlandbalaklava.com.au//lines/huggies-junior-boy-u-dry-30s
Foodland Balaklava,2025-05-04 23:55:01,Huggies Ultra Dry Nappy Pants Girls Size 5 (​12-17kg) 54 Pack,N/A,was $42.00,$29.00,$0.54 Each,https://foodlandbalaklava.com.au//lines/huggies-nappy-pant-jmbo-grl54s
Foodland Balaklava,2025-05-04 23:55:01,Ingham's Chicken Kebabs Satay Style,N/A,N/A,$9.00,$20.00 per kg,https://foodlandbalaklava.com.au//lines/inghams-kebab-satay-tray-450gm-1
Foodland Balaklava,2025-05-04 23:55:01,Ingham's Chicken Tenders Sweet Chilli,440g,N/A,$10.00,$22.73 per kg,https://foodlandbalaklava.com.au//lines/inghams-tend-swt-chili-440gm
Foodland Balaklava,2025-05-04 23:55:01,Jarlsberg Slice Lite,150g,N/A,$9.45,$63.00 per kg,https://foodlandbalaklava.com.au//lines/jarlsberg-chse-slice-lite150gm
Foodland Balaklava,2025-05-04 23:55:01,John West Mackerel Fillets Brine,125g,was $4.40,$3.70,$29.60 per kg,https://foodlandbalaklava.com.au//lines/j-west-mackerel-fil-brine125gm
Foodland Balaklava,2025-05-04 23:55:01,John West Salmon Lemon Pepper,95g,was $3.45,$3.15,$33.16 per kg,https://foodlandbalaklava.com.au//lines/j-west-tempt-salmon-l-pep-95gm
Foodland Balaklava,2025-05-04 23:55:01,John West Tuna Spring Water,425g,N/A,$5.50,$12.94 per kg,https://foodlandbalaklava.com.au//lines/j-west-tuna-spring-water-425gm
Foodland Balaklava,2025-05-04 23:55:01,K/​Oscar Sard 2lyr Ol/​Oil,105g,N/A,$3.35,$31.90 per kg,https://foodlandbalaklava.com.au//lines/k-oscar-sard-2lyr-ol-oil-105gm-1
Foodland Balaklava,2025-05-04 23:55:01,Kan Tong Butter Chicken Cooking Sauce,485g,N/A,$4.85,$1.00 per 100g,https://foodlandbalaklava.com.au//lines/kantong-sce-stf-btr-chkn-485gm
Foodland Balaklava,2025-05-04 23:55:01,Kb's Cooked Prawn Garlic Marinade,500g,N/A,$19.99,$4.00 per 100g,https://foodlandbalaklava.com.au//lines/kb-s-prawn-skewer-garlic-500g
Foodland Balaklava,2025-05-04 23:55:01,Kellogg's All-Bran Original,350g,N/A,$6.50,$1.86 per 100g,https://foodlandbalaklava.com.au//lines/kell-all-bran-original-350gm
Foodland Balaklava,2025-05-04 23:55:01,Kellogg's Lcms Kaleidos (​5 X ) 100g,20g,N/A,$4.75,$4.75 per 100g,https://foodlandbalaklava.com.au//lines/kell-lcm-r-bub-kaleidos-100gm
Foodland Balaklava,2025-05-04 23:55:01,Kellogg's Lcms Split Stix Yoghurty (​5 X ) 110g,22g,N/A,$4.75,$4.32 per 100g,https://foodlandbalaklava.com.au//lines/kell-lcm-splt-stix-yogrt-110gm
Foodland Balaklava,2025-05-04 23:55:01,Kellogg's Lcms Treatz Original With Marshmallows,130g,was $6.30,$4.65,$3.58 per 100g,https://foodlandbalaklava.com.au//lines/kell-lcm-treatz-orig-130g
Foodland Balaklava,2025-05-04 23:55:01,Kellogg's Nutri-Grain,290g,N/A,$7.35,$2.53 per 100g,https://foodlandbalaklava.com.au//lines/kell-nutri-grain-290gm
Foodland Balaklava,2025-05-04 23:55:01,Kellogg's Sultana Bran,700g,was $10.00,$8.70,$1.24 per 100g,https://foodlandbalaklava.com.au//lines/kell-sultana-bran-700gm
Foodland Balaklava,2025-05-04 23:55:01,Kirks Lemonade Multipack Cans Soft Drink,10 x 375mL,was $15.75,$13.75,$3.67 per L,https://foodlandbalaklava.com.au//lines/kirks-lemonade-10x375ml
Foodland Balaklava,2025-05-04 23:55:02,Kirks-Ko Kirks Olde Stoney Ginger Beer Soft Drink Bottle,1.25L,was $3.00,$2.55,$2.04 per L,https://foodlandbalaklava.com.au//lines/kirks-o-stoney-gin-beer-1-25l
Foodland Balaklava,2025-05-04 23:55:02,Kirks-Ko Kirks Originals Olde Stoney Ginger Beer Multipack Cans Soft Drink,10 x 375mL,was $15.75,$13.75,$3.67 per L,https://foodlandbalaklava.com.au//lines/kirks-ginger-beer-10x375ml
Foodland Balaklava,2025-05-04 23:55:02,Kleenex Complete Clean Toilet Paper 9 Pack,N/A,N/A,$9.45,$0.62 per 100 Sheets,https://foodlandbalaklava.com.au//lines/klnx-t-roll-white-reg-9s
Foodland Balaklava,2025-05-04 23:55:02,Knorr Garde D'or Sauce Hollandaise,1L,N/A,$15.99,$15.99 per kg,https://foodlandbalaklava.com.au//lines/garde-d-or-hollandaise-sauce-1lt
Foodland Balaklava,2025-05-04 23:55:02,Knot Roll 6pk,N/A,N/A,$6.00,$1.50 Each,https://foodlandbalaklava.com.au//lines/knot-roll-6pk
Foodland Balaklava,2025-05-04 23:55:02,Kraft Singles Original 12 Slices,216g,N/A,$5.50,$25.46 per kg,https://foodlandbalaklava.com.au//lines/kft-chse-singles-orig-216gm-1
Foodland Balaklava,2025-05-04 23:55:02,Kytons Lamingtons Mini 12pack,N/A,was $10.00,$8.90,N/A,https://foodlandbalaklava.com.au//lines/kytons-lamingtons-mini-12pack
Foodland Balaklava,2025-05-04 23:55:02,La Famiglia Just For 2 Garlic Bread 2 Pack,170g,N/A,$3.50,$2.06 per 100g,https://foodlandbalaklava.com.au//lines/la-famiglia-brd-for2-gar-170gm
Foodland Balaklava,2025-05-04 23:55:02,Lay's Stax Stacked Chips Share Pack Sour Cream & Onion,105g,was $4.20,$2.50,$2.38 per 100g,https://foodlandbalaklava.com.au//lines/lays-stax-sr-crm-chive-105g
Foodland Balaklava,2025-05-04 23:55:02,Lean Cuisine Thai Green Chicken Curry With Rice,280g,N/A,$6.30,$2.25 per 100g,https://foodlandbalaklava.com.au//lines/lean-cuis-chkn-grn-curry-280gm
Foodland Balaklava,2025-05-04 23:55:02,Leda Dark Chocolate Mini Rice Crackers,60g,N/A,$4.79,$7.98 per 100g,https://foodlandbalaklava.com.au//lines/leda-mini-rice-cakes-dk-choc-60g
Foodland Balaklava,2025-05-04 23:55:02,"Leggo's Pizza Sauce With Garlic, Onion & Herbs 4 Sachets",200g,N/A,$3.35,$1.68 per 100g,https://foodlandbalaklava.com.au//lines/leggos-sce-pizza-sach-200gm
Foodland Balaklava,2025-05-04 23:55:02,Lemnos Apricot & Almond Fruit Cheese,125g,was $5.25,$4.50,$36.00 per kg,https://foodlandbalaklava.com.au//lines/lemnos-chs-apricot-almond125gm
Foodland Balaklava,2025-05-04 23:55:02,Lettuce Hydro Oakleaf Grn Each,N/A,N/A,$2.65,$2.65 per kg,https://foodlandbalaklava.com.au//lines/lettuce-hydro-3
Foodland Balaklava,2025-05-04 23:55:02,Life Savers Fruit Pastilles,180g,was $5.25,$3.60,$2.00 per 100g,https://foodlandbalaklava.com.au//lines/l-saver-fruit-pastilles-180gm
Foodland Balaklava,2025-05-04 23:55:02,Lilydale Whole Chicken,N/A,N/A,$7.50,N/A,https://foodlandbalaklava.com.au//lines/lilydale-whole-chicken-1
Foodland Balaklava,2025-05-04 23:55:02,Lion Pastry Mix,750g,N/A,$3.55,$0.95 per 100g,https://foodlandbalaklava.com.au//lines/lion-pastry-mix-375gm
Foodland Balaklava,2025-05-04 23:55:02,Local Kitchen Coleslaw,800g,N/A,$7.30,$9.12 per kg,https://foodlandbalaklava.com.au//lines/lk-coleslaw-800g
Foodland Balaklava,2025-05-04 23:55:02,Lux Body Wash Evenly Gorgeous,400mL,N/A,$5.80,$1.45 per 100mL,https://foodlandbalaklava.com.au//lines/lux-b-wash-evenly-gorg-400ml
Foodland Balaklava,2025-05-04 23:55:02,Lux Body Wash Magical Spell,400mL,N/A,$5.80,$1.45 per 100mL,https://foodlandbalaklava.com.au//lines/lux-b-wash-magical-spell-400ml
Foodland Balaklava,2025-05-04 23:55:02,M&​M's Milk Chocolate Snack Bag,49g,was $2.65,$1.25,$2.55 per 100g,https://foodlandbalaklava.com.au//lines/m-m-s-pln-mlk-choc-49gm
Foodland Balaklava,2025-05-04 23:55:02,M&​M’​S Milk Chocolate Snack & Share Bag,380g,N/A,$7.00,$1.84 per 100g,https://foodlandbalaklava.com.au//lines/m-ms-milk-choc-380gm
Foodland Balaklava,2025-05-04 23:55:02,M/​Polo Cucumber Stackers#​450gm,N/A,N/A,$2.99,$6.64 per kg,https://foodlandbalaklava.com.au//lines/m-polo-cucumber-stackers-450gm
Foodland Balaklava,2025-05-04 23:55:02,Maggi Cook In The Pot:​Devilled Sausages:​.:​37 Gram,37g,was $1.95,$1.70,$4.59 per 100g,https://foodlandbalaklava.com.au//lines/maggi-cul-devilled-sausage37gm
Foodland Balaklava,2025-05-04 23:55:02,Maggi Fusian Noodles Mi Goreng Hot & Spicy Flavour Cup,65g,was $2.65,$2.45,$3.77 per 100g,https://foodlandbalaklava.com.au//lines/maggi-cup-ndl-fus-hot-spcy65gm
Foodland Balaklava,2025-05-04 23:55:02,Maggi Fusian Noodles Soy Mild Spice Multipack,72g,was $5.25,$4.10,$1.14 per 100g,https://foodlandbalaklava.com.au//lines/maggi-ndl-fus-soy-mld-sp5x72gm
Foodland Balaklava,2025-05-04 23:55:02,Maggi S/​D Chese C/​Flower Gf,30g,was $1.95,$1.70,$0.57 per 10g,https://foodlandbalaklava.com.au//lines/maggi-r-bse-chese-c-flower-30g
Foodland Balaklava,2025-05-04 23:55:02,Magnum Ice Cream Sticks Velvety Smooth Classic Vanilla Ice Cream Covered In Thick Cracking Magnum Milk Chocolate,428mL,was $12.00,$6.00,$1.40 per 100mL,https://foodlandbalaklava.com.au//lines/str-m-p-magnum-class-4s-428ml
Foodland Balaklava,2025-05-04 23:55:02,Mainland Swiss Cheese Block,200g,N/A,$7.35,$36.75 per kg,https://foodlandbalaklava.com.au//lines/m-land-chse-swiss-block-200gm
Foodland Balaklava,2025-05-04 23:55:02,Massel Liquid Stock Organic Beef,1L,was $4.40,$3.00,$0.30 per 100mL,https://foodlandbalaklava.com.au//lines/massel-beef-stk-liquid-1lt
Foodland Balaklava,2025-05-04 23:55:02,Masterfoods Dijon Mustard,170g,N/A,$4.75,$2.79 per 100g,https://foodlandbalaklava.com.au//lines/mf-mustard-dijon-orig-170gm
Foodland Balaklava,2025-05-04 23:55:02,Maximus Grape Isotonic Sports Drink,1L,was $4.20,$3.60,$3.60 per L,https://foodlandbalaklava.com.au//lines/maximus-big-grape-1l
Foodland Balaklava,2025-05-04 23:55:02,Mccain Brussels Sprouts,N/A,was $5.50,$4.80,$9.60 per kg,https://foodlandbalaklava.com.au//lines/mcc-brussel-sprouts-500gm
Foodland Balaklava,2025-05-04 23:55:02,Mccain Pepperoni Family Pizza,490g,N/A,$8.50,$1.73 per 100g,https://foodlandbalaklava.com.au//lines/mcc-pizza-pepperoni-fam-490gm
Foodland Balaklava,2025-05-04 23:55:02,Mccain Pub Style Extra Crispy Fries,750g,was $6.00,$4.20,$5.60 per kg,https://foodlandbalaklava.com.au//lines/mcc-fries-pub-stl-ex-crsp750gm
Foodland Balaklava,2025-05-04 23:55:02,Mccain Pub Style Straight Fries 750,750g,was $6.00,$4.20,$5.60 per kg,https://foodlandbalaklava.com.au//lines/mcc-fries-crnchy-potato-750gm
Foodland Balaklava,2025-05-04 23:55:02,Mccain Red Box Dinner Lamb Cutlet And Gravy,320g,was $6.50,$6.00,$1.88 per 100g,https://foodlandbalaklava.com.au//lines/mcc-redbox-lmb-cutlet-grvy320g
Foodland Balaklava,2025-05-04 23:55:02,Mccain Red Box Herb & Parmesan Chicken Schnitzel,310g,was $6.50,$6.00,$1.94 per 100g,https://foodlandbalaklava.com.au//lines/mcc-redbox-chic-schnit-hr310gm
Foodland Balaklava,2025-05-04 23:55:02,Mccain Sliced Beans,500g,was $4.45,$4.00,$8.00 per kg,https://foodlandbalaklava.com.au//lines/mcc-beans-slcd-500gm
Foodland Balaklava,2025-05-04 23:55:02,Mccain Super Fries Steak Cut,900g,N/A,$4.30,$4.78 per kg,https://foodlandbalaklava.com.au//lines/mcc-chips-s-fry-stk-cut-900gm
Foodland Balaklava,2025-05-04 23:55:02,Mccain Sweet Potato Straight Cut Chips,750g,was $8.10,$6.00,$8.00 per kg,https://foodlandbalaklava.com.au//lines/mcc-chips-s-pot-straight-750gm-1
Foodland Balaklava,2025-05-04 23:55:02,Mccain Vegetables Corn Kernels,500g,N/A,$3.60,$7.20 per kg,https://foodlandbalaklava.com.au//lines/mcc-corn-kernels-500gm
Foodland Balaklava,2025-05-04 23:55:02,Mckenzie's Edible Gelatine,100g,N/A,$4.40,$4.40 per 100g,https://foodlandbalaklava.com.au//lines/mckenzies-gelatine-100gm
Foodland Balaklava,2025-05-04 23:55:02,Mckenzies Bran Natural,300g,was $3.10,$2.25,$0.75 per 100g,https://foodlandbalaklava.com.au//lines/mcken-bran-natural-300gm
Foodland Balaklava,2025-05-04 23:55:02,Mcvities Biscuits Digestives,355g,N/A,$5.80,$1.63 per 100g,https://foodlandbalaklava.com.au//lines/mcvities-digest-orig-355gm
Foodland Balaklava,2025-05-04 23:55:02,Meggles Farm Eggs Large,600g,N/A,$10.00,$1.67 per 100g,https://foodlandbalaklava.com.au//lines/meggles-eggs-large-doz-600gm
Foodland Balaklava,2025-05-04 23:55:02,Mela Lmb Strips Marin Frs450gm,N/A,N/A,$12.99,N/A,https://foodlandbalaklava.com.au//lines/mela-lmb-strips-marin-frs450gm
Foodland Balaklava,2025-05-04 23:55:02,Menz Crown Musks,200g,was $3.45,$3.25,$1.62 per 100g,https://foodlandbalaklava.com.au//lines/menz-crown-musks-200g
Foodland Balaklava,2025-05-04 23:55:04,Midfield Lamb Loin Chops,N/A,was $24.03,$20.00,N/A,https://foodlandbalaklava.com.au//lines/midfield-lamb-loin-chops-3
Foodland Balaklava,2025-05-04 23:55:04,Mighty Soft Sliced Wholemeal Bread Sandwich,700g,was $4.90,$3.90,$0.56 per 100g,https://foodlandbalaklava.com.au//lines/mighty-soft-wh-meal-700gm
Foodland Balaklava,2025-05-04 23:55:04,Mighty Soft White Bread Rolls,450g,N/A,$6.00,$1.00 Each,https://foodlandbalaklava.com.au//lines/mighty-soft-white-roll-6pk
Foodland Balaklava,2025-05-04 23:55:04,Milo Energy Dairy Snack Less Added Sugar,150g,was $2.40,$2.15,$1.43 per 100g,https://foodlandbalaklava.com.au//lines/nes-milo-dairy-pch-40-ls150gm
Foodland Balaklava,2025-05-04 23:55:04,Mission Pizza Base Original 2pk,400g,N/A,$5.90,$1.48 per 100g,https://foodlandbalaklava.com.au//lines/mission-pizza-crst-plain-2pk
Foodland Balaklava,2025-05-04 23:55:04,Mitanni Chicken Slat,200g,was $4.00,$3.00,$0.15 per 10g,https://foodlandbalaklava.com.au//lines/mitani-chicken-salt-200gm
Foodland Balaklava,2025-05-04 23:55:04,Moccona Classic Decaffeinated Freeze Dried Instant Coffee,100g,N/A,$16.55,$16.55 per 100g,https://foodlandbalaklava.com.au//lines/mocc-coff-f-dry-clas-decf100gm
Foodland Balaklava,2025-05-04 23:55:04,Movietime Popcorn M/​Color150gm,N/A,N/A,$2.75,$1.83 per 100g,https://foodlandbalaklava.com.au//lines/movietime-popcorn-m-color150gm
Foodland Balaklava,2025-05-04 23:55:04,Mrs Mac's Party Pies,550g,was $11.05,$8.90,$1.62 per 100g,https://foodlandbalaklava.com.au//lines/mrs-macs-pie-prty-bf-12s-550gm
Foodland Balaklava,2025-05-04 23:55:04,Multix Bake cm 30cm,30 x 10m,N/A,$4.00,$0.40 per cm,https://foodlandbalaklava.com.au//lines/multix-bake-paper-30cmx10m
Foodland Balaklava,2025-05-04 23:55:04,Multix Freezer Bags Large 40 Pack,N/A,N/A,$3.15,$0.08 Each,https://foodlandbalaklava.com.au//lines/multix-frz-bag-tearoff-lge-40s
Foodland Balaklava,2025-05-04 23:55:04,Mushrooms Cups,500g,N/A,$10.50,$21.00 per kg,https://foodlandbalaklava.com.au//lines/mushrooms-cups-200g-3
Foodland Balaklava,2025-05-04 23:55:04,My Dog Core Loaf Chicken Supreme,6 x 100g,was $10.50,$9.00,$1.50 per 100g,https://foodlandbalaklava.com.au//lines/my-dog-sel-chkn-sup-6x100gm
Foodland Balaklava,2025-05-04 23:55:04,My Dog Country Lamb & Liver,400g,was $3.15,$2.10,$0.52 per 100g,https://foodlandbalaklava.com.au//lines/my-dog-cntry-lamb-liver-400gm
Foodland Balaklava,2025-05-04 23:55:04,My Dog Wet Dog Food Gourmet Beef Meaty Loaf Trays 24.​0x100g,24 x 100g,was $39.90,$28.00,$1.17 per 100g,https://foodlandbalaklava.com.au//lines/my-dog-grmet-beef-svms24x100gm
Foodland Balaklava,2025-05-04 23:55:04,Nanna's Apple Pie,600g,was $6.85,$4.00,$0.67 per 100g,https://foodlandbalaklava.com.au//lines/nanna-pie-apple-600gm
Foodland Balaklava,2025-05-04 23:55:04,Nat Chip Co Hny Soy Chic,175g,was $5.25,$3.60,$2.06 per 100g,https://foodlandbalaklava.com.au//lines/nat-chip-co-hny-soy-chic-175gm
Foodland Balaklava,2025-05-04 23:55:04,"Nature's Gift™ Adult All Breeds Casserole Lamb, Vegetables & Barley Wet Dog Food",1.2kg,was $6.30,$3.80,$0.32 per 100g,https://foodlandbalaklava.com.au//lines/nat-gift-d-fd-cas-lmb-vg-1-2kg
Foodland Balaklava,2025-05-04 23:55:04,"Nature's Gift™ Adult All Breeds Loaf Beef, Barley & Vegetables Wet Dog Food",1.2kg,was $6.30,$3.80,$0.32 per 100g,https://foodlandbalaklava.com.au//lines/nat-gift-d-fd-bf-barl-vg-1-2kg
Foodland Balaklava,2025-05-04 23:55:04,Natures Delight Butterscotch,250g,N/A,$6.20,$2.48 per 100g,https://foodlandbalaklava.com.au//lines/nocelle-butterscotch-250g
Foodland Balaklava,2025-05-04 23:55:04,Natures Organics Turning Point 2in1 Multi Vitamin Normal Daily Balance Shampoo & Conditioner,400mL,was $3.15,$2.80,$0.70 per 100mL,https://foodlandbalaklava.com.au//lines/turning-pnt-2in1-norm-400ml
Foodland Balaklava,2025-05-04 23:55:04,Nature’​S Delight Natural Nut Mix,400g,N/A,$10.99,$2.75 per 100g,https://foodlandbalaklava.com.au//lines/nocelle-natural-nut-400gm
Foodland Balaklava,2025-05-04 23:55:04,Nature’​S Delight Outdoor Mix,400g,was $9.99,$8.75,$2.19 per 100g,https://foodlandbalaklava.com.au//lines/nocelle-outdoor-mix-400gm
Foodland Balaklava,2025-05-04 23:55:04,Nerada Organics Chai 50's,N/A,N/A,$6.50,$7.07 per 100g,https://foodlandbalaklava.com.au//lines/nerada-org-chai-t-bags-50pk-92gm
Foodland Balaklava,2025-05-04 23:55:04,Nescafe Blend 43 Espresso,250g,N/A,$20.80,$8.32 per 100g,https://foodlandbalaklava.com.au//lines/nescafe-espresso-250gm
Foodland Balaklava,2025-05-04 23:55:04,Nescafe Blend 43 Original,150g,N/A,$14.50,$9.67 per 100g,https://foodlandbalaklava.com.au//lines/nescafe-blend-43-150gm
Foodland Balaklava,2025-05-04 23:55:04,Nestle Carnation® Creamy Evaporated Milk,340mL,was $3.45,$2.80,$8.24 per L,https://foodlandbalaklava.com.au//lines/carnation-mlk-evap-f-crm-340ml
Foodland Balaklava,2025-05-04 23:55:04,Nestle Cerelac Baby Rice Cereal First Cereal For Infants From 6 Months,200g,was $7.25,$6.70,$3.35 per 100g,https://foodlandbalaklava.com.au//lines/nes-cerelac-inf-bl-rice-200gm
Foodland Balaklava,2025-05-04 23:55:04,Nestle Milo Breakfast Cereal Chocolate And Malt,350g,N/A,$7.35,$2.10 per 100g,https://foodlandbalaklava.com.au//lines/nes-milo-cereal-350gm
Foodland Balaklava,2025-05-04 23:55:04,Nestle Milo Snack Bars Dipped White Choc X6,27g,was $6.30,$5.40,$3.38 per 100g,https://foodlandbalaklava.com.au//lines/nes-milo-snk-bar-w-mlk-160gm
Foodland Balaklava,2025-05-04 23:55:04,Nestle Milo® 30% Less Added Sugar Choc Malt Powder Drink,395g,N/A,$10.70,$2.71 per 100g,https://foodlandbalaklava.com.au//lines/nes-milo-30-less-sugar-395gm
Foodland Balaklava,2025-05-04 23:55:04,Nestle Peppermint Crisp Milk Chocolate Bar,35g,was $2.65,$1.25,$3.57 per 100g,https://foodlandbalaklava.com.au//lines/nes-p-mint-crisp-7210-35gm
Foodland Balaklava,2025-05-04 23:55:04,Nestle Smarties Milk Chocolate Bag,160g,was $6.30,$5.15,$3.22 per 100g,https://foodlandbalaklava.com.au//lines/nes-choc-smarties-160gm
Foodland Balaklava,2025-05-04 23:55:04,Nestle Sweetened Condensed Milk Baking |,395g,N/A,$4.00,$1.01 per 100g,https://foodlandbalaklava.com.au//lines/nes-milk-cond-swt-395gm-1
Foodland Balaklava,2025-05-04 23:55:04,Nice Rice Long Grain Rice,1kg,N/A,$3.50,$0.35 per 100g,https://foodlandbalaklava.com.au//lines/nice-rice-long-grain-1kg
Foodland Balaklava,2025-05-04 23:55:04,Nocelle Cashews U/​Sltd Prem Halves,400g,N/A,$9.99,$2.50 per 100g,https://foodlandbalaklava.com.au//lines/nocelle-cashews-u-sltd-prem-halves-400gm
Foodland Balaklava,2025-05-04 23:55:04,Nocelle Trail Mix,400g,N/A,$7.99,$2.00 per 100g,https://foodlandbalaklava.com.au//lines/nocelle-trail-mix-400gm
Foodland Balaklava,2025-05-04 23:55:04,Nudie Nothing But Orange Pulp Free Juice,2L,was $9.99,$8.25,$4.12 per L,https://foodlandbalaklava.com.au//lines/nudie-nothing-orange-p-free-2lt
Foodland Balaklava,2025-05-04 23:55:04,Nutella Biscuit T14,193g,N/A,$6.30,$3.26 per 100g,https://foodlandbalaklava.com.au//lines/nutella-biscuit-t14-193gm
Foodland Balaklava,2025-05-04 23:55:04,Oak Egg Nog Flavoured Milk,600mL,N/A,$3.95,$6.58 per L,https://foodlandbalaklava.com.au//lines/oak-milk-flav-egg-nog-600ml
Foodland Balaklava,2025-05-04 23:55:04,Obela Hommus Smooth Classic,1kg,was $8.40,$8.00,$0.80 per 100g,https://foodlandbalaklava.com.au//lines/obela-hommus-smth-classic-1kg
Foodland Balaklava,2025-05-04 23:55:04,Oc Naturals Deep Nourish Moisturising Conditioner,725mL,was $7.00,$5.75,$0.79 per 100mL,https://foodlandbalaklava.com.au//lines/organic-care-cond-d-nrsh-725ml
Foodland Balaklava,2025-05-04 23:55:04,Oc Naturals Normal Balance Shampoo,400mL,was $4.05,$3.30,$0.82 per 100mL,https://foodlandbalaklava.com.au//lines/organic-care-s-poo-norml-400ml
Foodland Balaklava,2025-05-04 23:55:04,Oc Naturals Silky Smooth Nourishing Conditioner,400mL,was $4.05,$3.30,$0.82 per 100mL,https://foodlandbalaklava.com.au//lines/organic-care-cond-s-smth-400ml
Foodland Balaklava,2025-05-04 23:55:04,Old El Paso Hard 'N Soft Taco Kit Mexican Style,560g,N/A,$12.60,$2.25 per 100g,https://foodlandbalaklava.com.au//lines/o-e-paso-kit-hrd-sft-560gm-2
Foodland Balaklava,2025-05-04 23:55:04,Old El Paso Stand 'N Stuff Taco Shells,160g,N/A,$5.80,$3.62 per 100g,https://foodlandbalaklava.com.au//lines/o-e-paso-taco-stnd-stuf-160gm
Foodland Balaklava,2025-05-04 23:55:04,Old El Paso Taco Spice Mix,30g,N/A,$3.15,$10.50 per 100g,https://foodlandbalaklava.com.au//lines/o-e-paso-spice-taco-30gm
Foodland Balaklava,2025-05-04 23:55:04,Old El Paso Taco Spice Mix Extra Mild,30g,N/A,$3.15,$10.50 per 100g,https://foodlandbalaklava.com.au//lines/o-e-paso-spice-ext-mild-30gm
Foodland Balaklava,2025-05-04 23:55:05,Omo Active Clean Laundry Liquid Attacks Stains Even In A Quick And Cold Wash Front & Top Loader Laundry Detergent For A Brilliant Clean 1st Time,4L,was $47.25,$27.00,$6.75 per L,https://foodlandbalaklava.com.au//lines/omo-l-liq-f-t-active-clean-4l
Foodland Balaklava,2025-05-04 23:55:05,On The Menu Chicken Satay & Rice,400g,was $6.30,$5.65,$1.41 per 100g,https://foodlandbalaklava.com.au//lines/o-menu-chkn-satay-rice-400gm
Foodland Balaklava,2025-05-04 23:55:05,On The Menu Cottage Pie,260g,N/A,$3.80,$1.46 per 100g,https://foodlandbalaklava.com.au//lines/o-menu-cottage-pie-260gm
Foodland Balaklava,2025-05-04 23:55:05,On The Menu Pub Faves Roast Beef,320g,was $7.75,$6.75,$2.11 per 100g,https://foodlandbalaklava.com.au//lines/o-menu-roast-beef-320gm
Foodland Balaklava,2025-05-04 23:55:05,"Only Organic Baby Fruit Banana, Raspberry & Vanilla 9+ Months",120g,was $2.40,$2.15,$1.79 per 100g,https://foodlandbalaklava.com.au//lines/only-org-ban-ras-van-120g
Foodland Balaklava,2025-05-04 23:55:05,Oral-B Pro Health Complete Defence System Whitening Toothpaste,110g,N/A,$5.80,$5.27 per 100g,https://foodlandbalaklava.com.au//lines/oral-b-t-pst-p-hlt-adwht-110gm
Foodland Balaklava,2025-05-04 23:55:05,Oreo Double Stuff Mint Flavoured Choc Sandwich Biscuits,131g,N/A,$3.15,$2.40 per 100g,https://foodlandbalaklava.com.au//lines/oreo-ckie-choc-mint-anz-131gm
Foodland Balaklava,2025-05-04 23:55:05,Oreo Original Sandwich Biscuit,128g,N/A,$3.15,$2.46 per 100g,https://foodlandbalaklava.com.au//lines/oreo-ckie-original-128gm
Foodland Balaklava,2025-05-04 23:55:05,Oreo Original Sandwich Biscuit Family Pack,358g,N/A,$4.50,$1.26 per 100g,https://foodlandbalaklava.com.au//lines/oreo-ckie-orig-tray-358g
Foodland Balaklava,2025-05-04 23:55:05,Pacific West Cocktail Spring Rolls,180g,was $4.20,$3.00,$1.67 per 100g,https://foodlandbalaklava.com.au//lines/p-west-cocktail-sprng-roll180g
Foodland Balaklava,2025-05-04 23:55:05,Pacific West Cocktail Spring Rolls,430g,N/A,$7.65,$1.77 per 100g,https://foodlandbalaklava.com.au//lines/p-west-cocktail-s-roll-430gm
Foodland Balaklava,2025-05-04 23:55:05,"Palmolive Antibacterial Foaming Hand Wash, Lime & Mint, Pump",250mL,was $4.20,$3.50,$1.40 per 100mL,https://foodlandbalaklava.com.au//lines/palm-l-s-pmp-foam-a-b-lim250ml
Foodland Balaklava,2025-05-04 23:55:05,"Palmolive Antibacterial Instant Hand Sanitiser, , Japanese Cherry Blossom, Travel Size, Kills 99.​9% Of Germs",48mL,was $3.90,$3.00,$6.25 per 100mL,https://foodlandbalaklava.com.au//lines/palm-h-sanitiser-chr-blsm-48ml
Foodland Balaklava,2025-05-04 23:55:05,"Palmolive Instant Antibacterial Hand Sanitiser Japanese Cherry Blossom Pump , Non-Sticky, Rinse Free, Kills Germs",200mL,was $7.90,$6.70,$3.35 per 100mL,https://foodlandbalaklava.com.au//lines/palm-sanitiser-chr-blsm-200ml
Foodland Balaklava,2025-05-04 23:55:05,"Palmolive Regular Dishwashing Liquid, , Gentle On Sensitive Skin, Low Fragrance, With Aloe Vera Extracts",500mL,was $3.90,$2.80,$0.56 per 100mL,https://foodlandbalaklava.com.au//lines/palm-d-wash-dry-skin-aloe500ml
Foodland Balaklava,2025-05-04 23:55:05,Palmolive Ultra Australian Extracts Dishwashing Liquid Quandong Peach Extract & Frangipani,750mL,was $7.90,$5.50,$0.73 per 100mL,https://foodlandbalaklava.com.au//lines/palm-d-wsh-ult-aus-peach-750ml
Foodland Balaklava,2025-05-04 23:55:05,"Palmolive Ultra Strength Concentrate Dishwashing Liquid Gentle Care, Hypoallergenic,​Dermatologist Tested",950mL,was $8.95,$8.05,$0.85 per 100mL,https://foodlandbalaklava.com.au//lines/palm-d-wsh-ultra-aloe-950ml
Foodland Balaklava,2025-05-04 23:55:05,Pandaroo Coconut Milk,400mL,was $2.35,$1.70,$0.42 per 100mL,https://foodlandbalaklava.com.au//lines/pandaroo-coconut-milk-400ml
Foodland Balaklava,2025-05-04 23:55:05,Parmesan Cheese,N/A,N/A,$44.99,N/A,https://foodlandbalaklava.com.au//lines/parmesan-cheese-1
Foodland Balaklava,2025-05-04 23:55:05,Pascall Marshmallows Pink & White Lollies,280g,was $5.25,$4.65,$1.66 per 100g,https://foodlandbalaklava.com.au//lines/pas-m-mallows-van-rspbry-280gm
Foodland Balaklava,2025-05-04 23:55:05,Patties Mini Mix Mini Party Pies And Mini Sausage Rolls Aussie Beef,40 x 1kg,was $18.90,$16.60,$1.66 per 100g,https://foodlandbalaklava.com.au//lines/patties-mini-combo-40s-1kg
Foodland Balaklava,2025-05-04 23:55:05,Patties Party Pack Party Pies And Sausage Rolls Aussie Beef,30 x 1.25kg,was $19.85,$17.00,$1.36 per 100g,https://foodlandbalaklava.com.au//lines/patties-party-pack-1-25kg
Foodland Balaklava,2025-05-04 23:55:05,Pauls Buttermilk,600mL,N/A,$3.50,$5.83 per L,https://foodlandbalaklava.com.au//lines/pauls-buttermilk-600ml
Foodland Balaklava,2025-05-04 23:55:05,Pauls Vanilla Custard,600g,N/A,$4.20,$0.70 per 100g,https://foodlandbalaklava.com.au//lines/pauls-custard-vanilla-600gm
Foodland Balaklava,2025-05-04 23:55:05,Pedigree Dentastix Large Breed Dental Daily Dog Treats 28 Sticks,N/A,N/A,$24.00,$2.22 per 100g,https://foodlandbalaklava.com.au//lines/pedigr-dentastix-lge28st1-08kg
Foodland Balaklava,2025-05-04 23:55:05,Pedigree Puppy Dry Dog Food Chicken With Rice Bag,2.5kg,N/A,$15.00,$0.60 per 100g,https://foodlandbalaklava.com.au//lines/pedigr-m-bite-puppy-2-5kg
Foodland Balaklava,2025-05-04 23:55:05,Pedigree Puppy Wet Dog Food With Chicken & Rice Mince Can,700g,N/A,$3.50,$0.50 per 100g,https://foodlandbalaklava.com.au//lines/pedigr-puppy-loaf-chk-rce700gm
Foodland Balaklava,2025-05-04 23:55:05,Perfect Italiano Parmesan Cheese,100g,was $4.05,$3.30,$33.00 per kg,https://foodlandbalaklava.com.au//lines/perfect-chse-parm-grated-100gm
Foodland Balaklava,2025-05-04 23:55:05,Perfect Italiano Ricotta Light Cheese,500g,N/A,$7.35,$14.70 per kg,https://foodlandbalaklava.com.au//lines/perfect-chse-ricotta-lite500gm
Foodland Balaklava,2025-05-04 23:55:05,Philadelphia Original Cream Cheese Spreads Tub,140g,was $4.20,$3.60,$25.71 per kg,https://foodlandbalaklava.com.au//lines/philly-orig-140gm
Foodland Balaklava,2025-05-04 23:55:05,Piksters Eco Bamboo Cotton Buds,N/A,was $3.28,$3.10,$0.02 Each,https://foodlandbalaklava.com.au//lines/pikstrs-cotton-buds-bmboo-200s
Foodland Balaklava,2025-05-04 23:55:05,Pine O Cleen Antibacterial Laundry Sanitiser Fresh Cotton,2L,was $22.50,$15.00,$7.50 per L,https://foodlandbalaklava.com.au//lines/pine-o-cleen-sanit-f-cott-2l
Foodland Balaklava,2025-05-04 23:55:05,Pop Tops Fruit Drink 30% Juice Apple Poppers Multipack Lunch Box Bottles,250mL,N/A,$6.30,$4.20 per L,https://foodlandbalaklava.com.au//lines/pop-tops-drk-apple-6x250ml-2
Foodland Balaklava,2025-05-04 23:55:05,Pop Tops Fruit Drink Apple Blackcurrant,6 x 250mL,N/A,$6.30,$4.20 per L,https://foodlandbalaklava.com.au//lines/pop-tops-drk-app-blak-6x250ml
Foodland Balaklava,2025-05-04 23:55:05,Poppa Porky's Pork Crackle,25g,was $2.00,$1.65,$6.60 per 100g,https://foodlandbalaklava.com.au//lines/poppa-pork-crackle-25g
Foodland Balaklava,2025-05-04 23:55:05,Potatoes Kestral Loose,N/A,N/A,$5.95,N/A,https://foodlandbalaklava.com.au//lines/potatoes-kestral-loose
Foodland Balaklava,2025-05-04 23:55:05,Potatoes Sweet Pp,1kg,N/A,$4.50,$4.50 per kg,https://foodlandbalaklava.com.au//lines/potatoes-sweet-pp-1kg-4
Foodland Balaklava,2025-05-04 23:55:05,Powerade Ion4 Lemon Lime Sports Drink Sipper Cap,600mL,was $4.60,$3.55,$5.92 per L,https://foodlandbalaklava.com.au//lines/powerade-lmn-lime-sip-cap600ml
Foodland Balaklava,2025-05-04 23:55:05,Powerade Mountain Blast,600mL,was $4.60,$3.55,$5.92 per L,https://foodlandbalaklava.com.au//lines/powerade-mt-blast-sip-cap600ml
Foodland Balaklava,2025-05-04 23:55:05,Praise Caesar Dressing,330mL,was $3.80,$3.00,$0.91 per 100mL,https://foodlandbalaklava.com.au//lines/praise-drs-caesar-330ml
Foodland Balaklava,2025-05-04 23:55:05,Praise Whole Egg Natural Mayo,470g,N/A,$8.40,$1.79 per 100g,https://foodlandbalaklava.com.au//lines/praise-mayo-whole-egg-sqz470gm
Foodland Balaklava,2025-05-04 23:55:05,Prima Apple Raspberry Fruit Drink Multipack,6 x 200mL,N/A,$6.00,$5.00 per L,https://foodlandbalaklava.com.au//lines/prima-drk-appl-raspb-6x200ml
Foodland Balaklava,2025-05-04 23:55:05,Primo Rindless Short Cut Bacon Twin Pack,500g,N/A,$15.25,$30.50 per kg,https://foodlandbalaklava.com.au//lines/primo-bacon-sh-cut-500gm
Foodland Balaklava,2025-05-04 23:55:05,Primo Roast Pork,80g,was $4.15,$3.95,$49.38 per kg,https://foodlandbalaklava.com.au//lines/primo-rst-pork-slcd-80gm
Foodland Balaklava,2025-05-04 23:55:05,Pringles Original,53g,N/A,$2.85,$5.38 per 100g,https://foodlandbalaklava.com.au//lines/pringles-chips-original-53gm
Foodland Balaklava,2025-05-04 23:55:05,Pringles Stackable BBQ Flavour Potato Chips,134g,was $5.80,$2.75,$2.05 per 100g,https://foodlandbalaklava.com.au//lines/pringles-chips-bbq-134gm
Foodland Balaklava,2025-05-04 23:55:05,Proud & Punch Chocolate & Banana Smoothie Pop 6pk,N/A,N/A,$8.95,$1.99 per 100mL,https://foodlandbalaklava.com.au//lines/proud-pnch-m-p-chc-ban-smth-6s
Foodland Balaklava,2025-05-04 23:55:05,Purina Friskies Adult Indoor Delights,700g,N/A,$5.90,$0.84 per 100g,https://foodlandbalaklava.com.au//lines/friskies-adult-indr-dlght700gm
Foodland Balaklava,2025-05-04 23:55:06,Purina Friskies Adult Pet Food Seafood Sensation,2.5kg,N/A,$15.50,$0.62 per 100g,https://foodlandbalaklava.com.au//lines/friskies-adult-s-fd-sens-2-5kg
Foodland Balaklava,2025-05-04 23:55:06,Purina Lucky Dog Adult Roast Chicken Vegetable Pasta Flavour Dry Dog Food,8kg,was $27.85,$23.00,$0.29 per 100g,https://foodlandbalaklava.com.au//lines/purina-l-dog-chic-veg-psta-8kg
Foodland Balaklava,2025-05-04 23:55:06,Purina One Adult Salmon & Tuna Dry Cat Food Bag,1.5kg,was $21.00,$16.00,$1.07 per 100g,https://foodlandbalaklava.com.au//lines/purina-one-c-f-slmn-tuna-1-5kg
Foodland Balaklava,2025-05-04 23:55:06,Queen Maple Flavour Syrup Sugar Free,355mL,was $4.40,$3.60,$1.01 per 100mL,https://foodlandbalaklava.com.au//lines/queen-maple-syrup-sg-free355ml
Foodland Balaklava,2025-05-04 23:55:06,Queen Maple Syrup,250mL,was $10.00,$9.00,$3.60 per 100mL,https://foodlandbalaklava.com.au//lines/queen-maple-syrup-pure-250ml
Foodland Balaklava,2025-05-04 23:55:06,Radishes,N/A,N/A,$3.50,$14.00 per kg,https://foodlandbalaklava.com.au//lines/radish-pre-pack-250gm
Foodland Balaklava,2025-05-04 23:55:06,"Rafferty's Garden Beef, Sweet Potato & Parsnip",120g,was $2.25,$2.00,$1.67 per 100g,https://foodlandbalaklava.com.au//lines/rafferty-bf-swt-pot-pars-120gm
Foodland Balaklava,2025-05-04 23:55:06,Rafferty's Garden Fruit Snack Bar Apple,128g,was $5.80,$5.00,$3.91 per 100g,https://foodlandbalaklava.com.au//lines/rafferty-frt-bar-app-12-128gm
Foodland Balaklava,2025-05-04 23:55:06,"Red Rock Deli Balsamic Beetroot, Feta & Cashew Dip",135g,was $5.25,$4.50,$3.33 per 100g,https://foodlandbalaklava.com.au//lines/rr-deli-dip-beet-fta-135gm
Foodland Balaklava,2025-05-04 23:55:06,Remedy Organic Kombucha Apple Crisp 4 Pack X,250mL,N/A,$8.29,$8.29 per L,https://foodlandbalaklava.com.au//lines/remedy-apple-crisp-cans-4-x-250ml
Foodland Balaklava,2025-05-04 23:55:06,Reva Pegs 60pk,N/A,was $8.95,$7.95,N/A,https://foodlandbalaklava.com.au//lines/reva-pegs-60pk
Foodland Balaklava,2025-05-04 23:55:06,Rexona Women Clinical Protection Antiperspirant Deodorant Cream Gentle Dry For 3x Stronger Protection*,45mL,N/A,$14.70,$32.67 per 100mL,https://foodlandbalaklava.com.au//lines/rexona-ap-clncl-g-dry-wmn-45ml
Foodland Balaklava,2025-05-04 23:55:06,Safcol Brisling Sardines In Tomato Sauce,110g,N/A,$1.90,$17.27 per kg,https://foodlandbalaklava.com.au//lines/safcol-sard-brslg-tomato-110gm
Foodland Balaklava,2025-05-04 23:55:06,Sakata Plain Rice Crackers,90g,N/A,$2.10,$2.33 per 100g,https://foodlandbalaklava.com.au//lines/sakata-rice-crkr-plain-90g
Foodland Balaklava,2025-05-04 23:55:06,San Remo Couscous,500g,was $3.15,$2.60,$0.52 per 100g,https://foodlandbalaklava.com.au//lines/s-remo-couscous-500gm
Foodland Balaklava,2025-05-04 23:55:06,San Remo Instant Lasagna,250g,was $3.15,$2.80,$1.12 per 100g,https://foodlandbalaklava.com.au//lines/s-remo-lasag-inst-250gm
Foodland Balaklava,2025-05-04 23:55:06,San Remo La Pasta Carbonara,80g,N/A,$1.40,$1.75 per 100g,https://foodlandbalaklava.com.au//lines/la-past-sng-carbonara-80gm
Foodland Balaklava,2025-05-04 23:55:06,San Remo La Pasta Creamy Bacon,80g,N/A,$1.40,$1.75 per 100g,https://foodlandbalaklava.com.au//lines/la-past-snk-crmy-bacon-80gm
Foodland Balaklava,2025-05-04 23:55:06,San Remo Large Instant Lasagna Family Pack,375g,N/A,$4.10,$1.09 per 100g,https://foodlandbalaklava.com.au//lines/s-remo-lasag-inst-lge-375gm
Foodland Balaklava,2025-05-04 23:55:06,San Remo No. 17 Trivelle,500g,N/A,$2.95,$0.59 per 100g,https://foodlandbalaklava.com.au//lines/s-remo-trivelle-no17-500gm
Foodland Balaklava,2025-05-04 23:55:06,San Remo No. 23 Bowties,500g,N/A,$2.95,$0.59 per 100g,https://foodlandbalaklava.com.au//lines/s-remo-bowties-no23-500gm
Foodland Balaklava,2025-05-04 23:55:06,San Remo No. 29 Large Shells,500g,N/A,$2.95,$0.59 per 100g,https://foodlandbalaklava.com.au//lines/s-remo-shells-large-500gm
Foodland Balaklava,2025-05-04 23:55:06,San Remo No. 56 Fusilli,500g,N/A,$2.95,$0.59 per 100g,https://foodlandbalaklava.com.au//lines/s-remo-fusilli-no56-500gm
Foodland Balaklava,2025-05-04 23:55:06,"San Remo Pulse Pasta Penne Peas, Lentils, Chickpeas & Borlotti Beans",250g,was $4.75,$4.40,$1.76 per 100g,https://foodlandbalaklava.com.au//lines/s-remo-pulse-pasta-penne-250gm
Foodland Balaklava,2025-05-04 23:55:06,Sara Lee Danish Custard,400g,was $7.90,$6.50,$1.62 per 100g,https://foodlandbalaklava.com.au//lines/s-lee-danish-custard-400gm-1
Foodland Balaklava,2025-05-04 23:55:06,"Schmackos Meat Medley Air-Dried Strapz Dog Treats With Liver, With Beef, With Chicken Bag",500g,was $17.00,$8.50,$1.70 per 100g,https://foodlandbalaklava.com.au//lines/schmackos-strp-3vrty-pk-500gm
Foodland Balaklava,2025-05-04 23:55:06,Schmackos Real Beefy Air-Dried Strapz Dog Treats With Beef Bag,1kg,was $30.45,$24.00,$2.40 per 100g,https://foodlandbalaklava.com.au//lines/schmackos-strp-beef-1kg
Foodland Balaklava,2025-05-04 23:55:06,Schmek’​S Originally Beef Jerky,20g,N/A,$4.50,$2.25 per 10g,https://foodlandbalaklava.com.au//lines/beef-jerky-original-schmeks-20g
Foodland Balaklava,2025-05-04 23:55:06,Schweppes Traditional Raspberry Soft Drink Bottle,1.1L,was $3.20,$1.80,$1.64 per L,https://foodlandbalaklava.com.au//lines/schw-raspberry-1-1l
Foodland Balaklava,2025-05-04 23:55:06,Slape & Sons Chicken & Herb Sausages,480g,N/A,$6.75,$14.06 per kg,https://foodlandbalaklava.com.au//lines/slapes-chicken-herb-480g
Foodland Balaklava,2025-05-04 23:55:06,Smith's Crinkle Cut Potato Chips Party Bag Salt & Vinegar,380g,was $9.45,$4.45,$1.17 per 100g,https://foodlandbalaklava.com.au//lines/smiths-crinkl-slt-ving-380gm
Foodland Balaklava,2025-05-04 23:55:06,Smith's Thinly Cut Potato Chips Sweet Chilli & Sour Cream,175g,was $5.25,$4.45,$2.54 per 100g,https://foodlandbalaklava.com.au//lines/smiths-thinly-s-chl-s-crm175gm
Foodland Balaklava,2025-05-04 23:55:06,So Good Barista Almond Milk,1L,N/A,$4.20,$4.20 per L,https://foodlandbalaklava.com.au//lines/sanit-so-good-br-ad-mlk-uht-1l
Foodland Balaklava,2025-05-04 23:55:06,So Good Unsweetened Almond & Coconut Milk,1L,N/A,$2.90,$2.90 per L,https://foodlandbalaklava.com.au//lines/sanit-so-good-alm-cnut-unswt1l
Foodland Balaklava,2025-05-04 23:55:06,Solo Zero Sugar Original Lemon Soft Drink Cans Multipack,10 x 375mL,N/A,$19.00,$5.07 per L,https://foodlandbalaklava.com.au//lines/solo-zero-sug-10x375ml
Foodland Balaklava,2025-05-04 23:55:06,Sorbent Silky White Flushable Wipes 80 Pack,N/A,was $7.35,$6.00,$7.50 per 100 Sheets,https://foodlandbalaklava.com.au//lines/sorbent-wipes-cln-frsh-80s
Foodland Balaklava,2025-05-04 23:55:06,Spc Peaches Sliced In Juice,825g,N/A,$5.30,$6.42 per kg,https://foodlandbalaklava.com.au//lines/spc-peaches-sliced-juice-825gm
Foodland Balaklava,2025-05-04 23:55:06,Sprite Zero/​Diet/​Light Sprite Zero Sugar Lemonade Soft Drink Multipack Cans,6 x 250mL,was $10.50,$6.70,$4.47 per L,https://foodlandbalaklava.com.au//lines/sprite-n-sug-can-6x250ml
Foodland Balaklava,2025-05-04 23:55:06,Steggles Chicken Breast Tenders Crumbed,400g,was $11.05,$6.50,$16.25 per kg,https://foodlandbalaklava.com.au//lines/steg-chic-brst-tend-crmb-400gm
Foodland Balaklava,2025-05-04 23:55:06,"Streets Cyclone Ice Blocks Peach, Pineapple And Blueberry",688mL,N/A,$9.45,$1.37 per 100mL,https://foodlandbalaklava.com.au//lines/str-m-p-pad-pop-cyclone-8s
Foodland Balaklava,2025-05-04 23:55:06,Sunbeam Glace Cherries Red,100g,N/A,$3.70,$37.00 per kg,https://foodlandbalaklava.com.au//lines/s-beam-glace-cherrie-red100gm
Foodland Balaklava,2025-05-04 23:55:06,Sunbeam Sultanas,1kg,N/A,$9.45,$9.45 per kg,https://foodlandbalaklava.com.au//lines/s-beam-sultanas-1kg
Foodland Balaklava,2025-05-04 23:55:06,Sunbites Biscuit Crackers Share Pack Sour Cream & Chives,110g,was $3.45,$2.75,$2.50 per 100g,https://foodlandbalaklava.com.au//lines/sunbites-crk-sr-crm-chv110gm
Foodland Balaklava,2025-05-04 23:55:06,Sunbites Grainwaves Wholegrain Chips Share Pack Caramelised Onion & Balsamic,170g,was $5.25,$4.45,$2.62 per 100g,https://foodlandbalaklava.com.au//lines/sunbite-grnwave-crm-onion170gm
Foodland Balaklava,2025-05-04 23:55:06,Sunkist Orange Soft Drink Cans Multipack,30 x 375mL,N/A,$25.00,$2.22 per L,https://foodlandbalaklava.com.au//lines/sunkist-orange-30x375ml
Foodland Balaklava,2025-05-04 23:55:06,Sunrice Basmati Microwave Rice Pouch,450g,was $4.75,$4.00,$0.89 per 100g,https://foodlandbalaklava.com.au//lines/sunrice-indian-basmat-m-w450gm
Foodland Balaklava,2025-05-04 23:55:06,Sunrice White Long Grain Rice Pouch,450g,was $4.75,$4.00,$0.89 per 100g,https://foodlandbalaklava.com.au//lines/sunrice-lg-white-m-w-450gm
Foodland Balaklava,2025-05-04 23:55:06,Surf Laundry Liquid Sunshine,2L,was $12.70,$10.00,$5.00 per L,https://foodlandbalaklava.com.au//lines/surf-liq-sunshine-2l
Foodland Balaklava,2025-05-04 23:55:07,Tamar Valley Dairy Greek Style Yoghurt,1kg,was $8.20,$6.00,$0.60 per 100g,https://foodlandbalaklava.com.au//lines/t-valley-ygt-g-styl-1kg
Foodland Balaklava,2025-05-04 23:55:07,Tandaco® Coating Mix For Lightly Seasoned Fish,75g,was $2.40,$2.05,$2.73 per 100g,https://foodlandbalaklava.com.au//lines/tandaco-coating-mx-fish-75gm
Foodland Balaklava,2025-05-04 23:55:07,Tandaco® Coating Mix Salt & Pepper,75g,was $2.40,$2.05,$2.73 per 100g,https://foodlandbalaklava.com.au//lines/tandaco-coating-mx-s-p-75gm
Foodland Balaklava,2025-05-04 23:55:07,Tandaco® Dry Yeast Sachets 35g,5 x 7g,N/A,$3.25,$9.29 per 100g,https://foodlandbalaklava.com.au//lines/tandaco-yeast-35gm
Foodland Balaklava,2025-05-04 23:55:07,Temptation Bakeries Tasty Cheese & Bacon Quiche 2pk,280g,N/A,$8.30,$2.96 per 100g,https://foodlandbalaklava.com.au//lines/tempt-bakery-premium-quiche-2pk
Foodland Balaklava,2025-05-04 23:55:07,Tfi Beef Mince 3 Star,500g,N/A,$8.00,$16.00 per kg,https://foodlandbalaklava.com.au//lines/tfi-beef-mince-3-star-500g
Foodland Balaklava,2025-05-04 23:55:07,Thins Onion Rings,85g,was $5.25,$3.50,$4.12 per 100g,https://foodlandbalaklava.com.au//lines/thins-on-rings-s-crm-chv-85gm
Foodland Balaklava,2025-05-04 23:55:07,Thomas Cappo Seafoods Prawn Ring,200g,N/A,$9.99,$49.95 per kg,https://foodlandbalaklava.com.au//lines/tc-cooked-prawn-ring-200g
Foodland Balaklava,2025-05-04 23:55:07,Three Threes Australian Pickled Onions,520g,N/A,$5.05,$9.71 per kg,https://foodlandbalaklava.com.au//lines/333-s-onions-pckld-aust-520gm
Foodland Balaklava,2025-05-04 23:55:07,Tip Top Bakery Tip Top Dampner Rolls,6 x 520g,was $5.10,$4.70,$0.78 Each,https://foodlandbalaklava.com.au//lines/t-top-brd-roll-damper-6pk
Foodland Balaklava,2025-05-04 23:55:07,Tip Top Bakery Tip Top® Wholemeal Raisin Toast,600g,was $7.15,$5.50,$0.92 per 100g,https://foodlandbalaklava.com.au//lines/t-top-w-meal-raisin-toast-600g
Foodland Balaklava,2025-05-04 23:55:07,Tiptop Bakery Tip Top Hamburger Rolls 6 Pack,N/A,was $5.10,$4.70,$78.33 per 100g,https://foodlandbalaklava.com.au//lines/t-top-buns-hamburger-pk6
Foodland Balaklava,2025-05-04 23:55:07,Tiptop Bakery Tip Top Hot Dog Rolls 6 Pack,N/A,N/A,$5.10,$85.00 per 100g,https://foodlandbalaklava.com.au//lines/t-top-brd-roll-hot-dog-pk6
Foodland Balaklava,2025-05-04 23:55:07,Tomatoes Blueys Snacking,200g,N/A,$3.30,$16.50 per kg,https://foodlandbalaklava.com.au//lines/tomatoes-blueys-sw-snck-200gm-1
Foodland Balaklava,2025-05-04 23:55:07,Tomatoes Mini Roma,200g,N/A,$3.90,$19.50 per kg,https://foodlandbalaklava.com.au//lines/tomatoes-cherry-punnet-250g-14
Foodland Balaklava,2025-05-04 23:55:07,Tomatoes Roma Per Kg,N/A,N/A,$1.23,$8.80 per kg,https://foodlandbalaklava.com.au//lines/tomatoes-roma-per-kg
Foodland Balaklava,2025-05-04 23:55:07,Tru Blu Pub Squash,2L,N/A,$2.50,$1.25 per L,https://foodlandbalaklava.com.au//lines/tru-blu-pub-squash-2l
Foodland Balaklava,2025-05-04 23:55:07,True Thai Sauce Oyster 300,N/A,was $3.75,$3.60,$1.20 per 100mL,https://foodlandbalaklava.com.au//lines/true-thai-sce-oyster-300ml
Foodland Balaklava,2025-05-04 23:55:07,Twinings Camomile & Spearmint Herbal Infusions Tea Bags,15g,was $3.15,$2.75,$18.33 per 100g,https://foodlandbalaklava.com.au//lines/twining-t-bag-cam-sprmint-10s-1
Foodland Balaklava,2025-05-04 23:55:07,"Twinings Honeybush, Orange & Mandarin",20g,was $3.15,$2.75,$13.75 per 100g,https://foodlandbalaklava.com.au//lines/twining-t-bag-orng-mand-10s
Foodland Balaklava,2025-05-04 23:55:07,"Twinings Live Well Sleep Well Camomile, Orange Blossom & Honey Tea Bags 22 Packs",33g,N/A,$8.95,$27.12 per 100g,https://foodlandbalaklava.com.au//lines/twining-t-bag-l-w-sleep-22s-1
Foodland Balaklava,2025-05-04 23:55:07,Twisted Choc Van Fzn Ygt,120mL,N/A,$1.90,$1.58 per 100mL,https://foodlandbalaklava.com.au//lines/twisted-choc-van-fzn-ygt-120ml
Foodland Balaklava,2025-05-04 23:55:07,Twisted Straw Van Fzn Ygt,120mL,N/A,$1.90,$1.58 per 100mL,https://foodlandbalaklava.com.au//lines/twisted-straw-van-fzn-ygt-120ml
Foodland Balaklava,2025-05-04 23:55:07,Twisties Cheese Snacks Party Size Share Pack,270g,N/A,$4.00,$1.48 per 100g,https://foodlandbalaklava.com.au//lines/twisties-cheese-270gm
Foodland Balaklava,2025-05-04 23:55:07,U By Kotex Ultrathin Pads Regular With Wings 14 Pack,N/A,was $6.00,$5.00,$0.36 Each,https://foodlandbalaklava.com.au//lines/u-by-kotex-pad-u-th-wng-reg14s
Foodland Balaklava,2025-05-04 23:55:07,Ultimate Yoghurt By Danone Black Cherry,4 x 115g,was $6.05,$4.50,$0.98 per 100g,https://foodlandbalaklava.com.au//lines/ultimate-greek-blck-chry-4x115gm
Foodland Balaklava,2025-05-04 23:55:07,Uncle Tobys Le Snak Cheese Dip And Crackers Snack Cheddar Family Value Lunchbox X12 12pk,264g,N/A,$10.00,$3.79 per 100g,https://foodlandbalaklava.com.au//lines/u-toby-le-snak-cheese-vp264gm
Foodland Balaklava,2025-05-04 23:55:07,Uncle Tobys Muesli Bars Yoghurt Honeycomb X6 6pk,185g,N/A,$5.50,$2.97 per 100g,https://foodlandbalaklava.com.au//lines/u-toby-ygt-topps-hnycomb-185gm
Foodland Balaklava,2025-05-04 23:55:07,Uncle Tobys Oats Quick Sachets Porridge Classic Variety Multi Pack,350g,was $6.60,$5.70,$1.63 per 100g,https://foodlandbalaklava.com.au//lines/u-toby-oat-quick-var-clsic10pk
Foodland Balaklava,2025-05-04 23:55:07,Uncle Tobys Plus Fibre,700g,was $9.25,$7.20,$1.03 per 100g,https://foodlandbalaklava.com.au//lines/u-toby-plus-fibre-700gm
Foodland Balaklava,2025-05-04 23:55:07,Uncle Tobys Plus Protein Breakfast Cereal,410g,was $6.85,$5.00,$1.22 per 100g,https://foodlandbalaklava.com.au//lines/u-toby-plus-protein-410gm-1
Foodland Balaklava,2025-05-04 23:55:07,Uncle Tobys Roll-Ups Snacks For Kids Grape,94g,was $5.80,$5.20,$5.53 per 100g,https://foodlandbalaklava.com.au//lines/u-toby-roll-ups-grape-94gm
Foodland Balaklava,2025-05-04 23:55:07,Uncle Tobys Snacks Low Sugar Oat Slice Honey Macadamia,132g,N/A,$7.05,$5.34 per 100g,https://foodlandbalaklava.com.au//lines/u-toby-oat-slc-hny-mac-132g
Foodland Balaklava,2025-05-04 23:55:07,Uncle Tobys Vita Brits Breakfast Cereal No Added Sugar,1kg,N/A,$6.30,$0.63 per 100g,https://foodlandbalaklava.com.au//lines/u-toby-vita-brits-brkfst-1kg
Foodland Balaklava,2025-05-04 23:55:07,Up&​Go Liquid Breakfast Strawberry,6 x 250mL,N/A,$12.60,$8.40 per L,https://foodlandbalaklava.com.au//lines/sanit-up-go-strawberry-6x250ml
Foodland Balaklava,2025-05-04 23:55:07,Up&​Go Liquid Breakfast Vanilla Ice,12 x 250mL,N/A,$17.50,$5.83 per L,https://foodlandbalaklava.com.au//lines/sanit-up-go-vanilla-12x250ml
Foodland Balaklava,2025-05-04 23:55:07,V.​I.​P. Petfoods™ Paws Fresh Mince For Dogs & Cats Chilled Food,1kg,N/A,$7.35,$0.74 per 100g,https://foodlandbalaklava.com.au//lines/paws-mince-lean-reseal-1kg
Foodland Balaklava,2025-05-04 23:55:07,Vaalia Kids Probiotic Yoghurt Pouch Banana,140g,was $2.50,$2.00,$1.43 per 100g,https://foodlandbalaklava.com.au//lines/vaalia-ygt-kids-banana-140gm
Foodland Balaklava,2025-05-04 23:55:07,Vanish Preen Gold Trigger,450mL,N/A,$10.00,$22.22 per L,https://foodlandbalaklava.com.au//lines/vanish-gold-pro-trg-450ml
Foodland Balaklava,2025-05-04 23:55:07,Velvet Pure Soap,400g,was $5.15,$4.55,$1.14 per 100g,https://foodlandbalaklava.com.au//lines/velvet-soap-pure-4pk-400gm
Foodland Balaklava,2025-05-04 23:55:07,Vilis Pie Beef&​Mushroom,160g,was $5.70,$5.10,$3.19 per 100g,https://foodlandbalaklava.com.au//lines/vilis-pie-beef-mushroom-160gm
Foodland Balaklava,2025-05-04 23:55:07,Vilis Yiros Bread Pk 6,N/A,N/A,$4.00,$0.80 per 100g,https://foodlandbalaklava.com.au//lines/vili-yiros-flat-bread-pk-6
Foodland Balaklava,2025-05-04 23:55:07,Vitasoy Rice Milk Unsweetened,1L,N/A,$3.45,$3.45 per L,https://foodlandbalaklava.com.au//lines/vitasoy-rice-milk-uht-1l-1
Foodland Balaklava,2025-05-04 23:55:07,Viva Paper Towels 2 Pack 21cm,N/A,N/A,$4.50,$3.75 per 100 Sheets,https://foodlandbalaklava.com.au//lines/viva-towel-white-twn
Foodland Balaklava,2025-05-04 23:55:07,Western Star Salted Butter,250g,was $5.45,$4.50,$1.80 per 100g,https://foodlandbalaklava.com.au//lines/w-star-butter-pats-250gm
Foodland Balaklava,2025-05-04 23:55:07,Western Star Spreadable Soft 'N' Less Reduced Salt,500g,was $7.90,$6.70,$1.34 per 100g,https://foodlandbalaklava.com.au//lines/w-star-spread-s-r-500gm
Foodland Balaklava,2025-05-04 23:55:07,Whiskas 1+ Years Adult Dry Cat Food With Chicken & Turkey Bag,1.8kg,was $15.25,$11.00,$0.61 per 100g,https://foodlandbalaklava.com.au//lines/whiskas-adlt-chkn-turky-1-8kg
Foodland Balaklava,2025-05-04 23:55:07,White Wings Chocolate Cupcakes,410g,was $6.30,$4.50,$1.10 per 100g,https://foodlandbalaklava.com.au//lines/w-w-cup-cakes-chocolate-410gm
Foodland Balaklava,2025-05-04 23:55:09,White Wings Red Velvet Cupcakes,365g,was $6.30,$4.50,$1.23 per 100g,https://foodlandbalaklava.com.au//lines/w-w-cup-cakes-red-velvet-365g
Foodland Balaklava,2025-05-04 23:55:09,White Wings Super Yummy Choc Chip Cookies,485g,was $6.30,$4.50,$0.93 per 100g,https://foodlandbalaklava.com.au//lines/w-w-ckie-sft-cntr-choc-chp485g
Foodland Balaklava,2025-05-04 23:55:09,Wisdom Adult Toothbrush Soft,N/A,N/A,$0.99,N/A,https://foodlandbalaklava.com.au//lines/wisdom-adult-toothbrush
Foodland Balaklava,2025-05-04 23:55:09,Wokka Ndl Hokkien,440g,N/A,$3.00,$0.68 per 100g,https://foodlandbalaklava.com.au//lines/wokka-ndl-hokkien-440gm
Foodland Balaklava,2025-05-04 23:55:09,Wonder White Wonder Wholemeal + Iron Mini Bread Loaf,320g,was $3.50,$3.40,$1.06 per 100g,https://foodlandbalaklava.com.au//lines/wonder-mini-loaf-wholemeal-320gm
Foodland Balaklava,2025-05-04 23:55:09,Yoghurt Shop Yoghurt Caramel Crmble,200g,N/A,$4.60,$2.42 per 100g,https://foodlandbalaklava.com.au//lines/yog-shop-caramel-crumble-180ml
Foodland Balaklava,2025-05-04 23:55:09,Yoplait Mixed Berries Yoghurt,1kg,N/A,$4.75,$0.48 per 100g,https://foodlandbalaklava.com.au//lines/yop-ygt-mixed-berry-1kg
Foodland Balaklava,2025-05-04 23:55:09,Yopro High Protein Salted Caramel Greek Yoghurt,160g,N/A,$3.15,$1.97 per 100g,https://foodlandbalaklava.com.au//lines/danone-ygt-pro-sltd-crml-160gm
Foodland Balaklava,2025-05-04 23:55:09,Yopro High Protein Salted Caramel Greek Yoghurt Tub,700g,N/A,$7.50,$1.07 per 100g,https://foodlandbalaklava.com.au//lines/danone-yopro-ygt-sltdcrml700gm
Foodland Balaklava,2025-05-04 23:55:09,Yp Beef Cordon Bleu,N/A,N/A,$12.50,$24.99 per kg,https://foodlandbalaklava.com.au//lines/yp-beef-cordon-bleu-1
Foodland Balaklava,2025-05-04 23:55:09,Yp Beef Rump Budget Rw,N/A,N/A,$26.99,N/A,https://foodlandbalaklava.com.au//lines/yp-beef-rump-budget-rw-2
Foodland Balaklava,2025-05-04 23:55:09,Yp Cornish Sausages,N/A,N/A,$12.99,N/A,https://foodlandbalaklava.com.au//lines/yp-cornish-sausages
Foodland Balaklava,2025-05-04 23:55:09,Yp Lamb Leg Boneless Rw,N/A,N/A,$49.98,$19.99 per kg,https://foodlandbalaklava.com.au//lines/yp-lamb-leg-boneless-rw
Foodland Balaklava,2025-05-04 23:55:09,Yp Lamb Leg Roast Rw,N/A,N/A,$18.99,$18.99 per kg,https://foodlandbalaklava.com.au//lines/yp-lamb-leg-roast-rw
Foodland Balaklava,2025-05-04 23:55:09,Yp R/​Wine & Garlic Beef Roast Rw,N/A,N/A,$22.99,N/A,https://foodlandbalaklava.com.au//lines/yp-r-wine-garlic-beef-roast-rw
Foodland Balaklava,2025-05-04 23:55:09,Yp Topside Steak Rw,N/A,N/A,$28.99,$28.99 per kg,https://foodlandbalaklava.com.au//lines/yp-topside-steak-rw-2
Foodland Balaklava,2025-05-04 23:55:09,Ziploc® Sandwich Bags Resealable Food Storage 40 Pack,N/A,N/A,$4.60,$0.12 Each,https://foodlandbalaklava.com.au//lines/ziploc-s-wch-bag-40s
Foodland Balaklava,2025-05-04 23:55:09,Zoosh Gherkin Dip,185g,was $3.70,$2.50,$1.35 per 100g,https://foodlandbalaklava.com.au//lines/kft-dip-gherkin-185gm
Foodland Balaklava,2025-05-04 23:55:09,Black And Gold Spaghetti Tomato Sauce,410g,N/A,$0.90,$0.22 per 100g,https://foodlandbalaklava.com.au//lines/b-gold-spaghetti-tom-sce-410gm
Foodland Balaklava,2025-05-04 23:55:09,4 N 20 S/​Roll Party 12s,500g,was $9.45,$7.50,$1.50 per 100g,https://foodlandbalaklava.com.au//lines/4-n-20-s-roll-party-12s-500gm-1
Foodland Balaklava,2025-05-04 23:55:09,Abbott's Bakery Gluten Free Mixed Seeds Bread,500g,N/A,$7.90,$1.58 per 100g,https://foodlandbalaklava.com.au//lines/abbotts-vb-gf-mixed-seeds500gm
Foodland Balaklava,2025-05-04 23:55:09,Admiral Mangoes In Syrup,425g,N/A,$2.20,$5.18 per kg,https://foodlandbalaklava.com.au//lines/admir-mangoes-in-syrup-425gm
Foodland Balaklava,2025-05-04 23:55:09,Air Wick 2 In 1 Floor Carpet Deodorant Powder Country Vanilla,500g,N/A,$5.50,$1.10 per 100g,https://foodlandbalaklava.com.au//lines/a-wick-crpt-2-1-c-van-500gm
Foodland Balaklava,2025-05-04 23:55:09,Air Wick Mini Scents Decorative Air Fresheners Frangipani Twin Pack,2 x 60g,N/A,$5.25,$4.38 per 100g,https://foodlandbalaklava.com.au//lines/a-wick-min-sc-fran-2x60gm
Foodland Balaklava,2025-05-04 23:55:09,Air Wick Pure Aerosol Air Freshener Fresh Berries,159g,N/A,$8.40,$5.28 per 100g,https://foodlandbalaklava.com.au//lines/a-wick-pure-frsh-berries-159gm
Foodland Balaklava,2025-05-04 23:55:09,"Ajax Eco Antibacterial Disinfectant Surface Cleaning Wipes, Bulk 110 Pack, Fresh Lemon 110pk",N/A,was $11.55,$7.20,$6.55 Units100,https://foodlandbalaklava.com.au//lines/ajax-wipes-eco-antib-lmn-110s
Foodland Balaklava,2025-05-04 23:55:09,Ajax Luxury Home Multipurpose Cleaning Wipes Exotic Bergamot & Vanilla Bean 110 Pack 110pk,N/A,was $11.55,$7.20,$0.07 Each,https://foodlandbalaklava.com.au//lines/ajax-wipes-luxe-hme-van-110s
Foodland Balaklava,2025-05-04 23:55:09,"Ajax Spray N' Wipe Multi-Purpose Cleaner Refill, Value Pack , Lavender & Citrus",750mL,was $4.40,$4.00,$0.53 per 100mL,https://foodlandbalaklava.com.au//lines/ajax-s-wpe-lav-cit-rf-750ml
Foodland Balaklava,2025-05-04 23:55:09,"Ajax Spray N' Wipe Multi-Purpose Cleaner Trigger, Antibacterial Disinfectant, , Apple Blossom & Citrus",500mL,was $4.15,$3.50,$0.70 per 100mL,https://foodlandbalaklava.com.au//lines/ajax-s-wpe-apl-citrus-trg500ml
Foodland Balaklava,2025-05-04 23:55:09,Allen's Freckles Milk Choc Bag,340g,N/A,$8.40,$2.47 per 100g,https://foodlandbalaklava.com.au//lines/allens-freckles-sugar-340gm
Foodland Balaklava,2025-05-04 23:55:09,Allen's Frogs Alive Bag,190g,was $5.25,$3.50,$1.84 per 100g,https://foodlandbalaklava.com.au//lines/allens-frogs-alive-190gm
Foodland Balaklava,2025-05-04 23:55:09,Allen's Spearmint Leaves,160g,was $5.25,$3.50,$2.19 per 100g,https://foodlandbalaklava.com.au//lines/allens-spearmint-leaves-160g
Foodland Balaklava,2025-05-04 23:55:09,Altimate Fun Time Ice Cream Cups,75g,N/A,$5.75,$0.27 Each,https://foodlandbalaklava.com.au//lines/altimate-funtime-party-cup-21s
Foodland Balaklava,2025-05-04 23:55:09,Always Fresh Cucumber Bread & Butter,700g,was $4.85,$3.90,$5.57 per kg,https://foodlandbalaklava.com.au//lines/a-fresh-cucum-brd-butter-700gm
Foodland Balaklava,2025-05-04 23:55:09,Always Fresh Cucumber Dill,680g,was $4.85,$3.60,$5.29 per kg,https://foodlandbalaklava.com.au//lines/a-frsh-cucumber-dill-680gm
Foodland Balaklava,2025-05-04 23:55:09,Always Fresh Grissini Italian Breadsticks Rosemary And Sea Salt,125g,was $4.75,$3.70,$2.96 per 100g,https://foodlandbalaklava.com.au//lines/a-frsh-grissini-s-slt-rmry125g
Foodland Balaklava,2025-05-04 23:55:09,Always Fresh Minced Garlic,220g,N/A,$3.15,$14.32 per kg,https://foodlandbalaklava.com.au//lines/a-frsh-garlic-frshly-mnc-220gm
Foodland Balaklava,2025-05-04 23:55:09,Anchor Breadcrumbs,375g,N/A,$3.70,$0.99 per 100g,https://foodlandbalaklava.com.au//lines/anchor-breadcrumbs-375gm
Foodland Balaklava,2025-05-04 23:55:09,Applaws Dog Taste Toppers Chicken Gravy Selection,5 x 156g,N/A,$13.15,$1.69 per 100g,https://foodlandbalaklava.com.au//lines/applaws-dog-top-chc-grv5x156gm
Foodland Balaklava,2025-05-04 23:55:09,Apples Kanzi Per Kg,N/A,N/A,$6.00,N/A,https://foodlandbalaklava.com.au//lines/apples-kanzi
Foodland Balaklava,2025-05-04 23:55:09,Ardmona Pie Fruit Apples Sliced,800g,N/A,$5.80,$7.25 per kg,https://foodlandbalaklava.com.au//lines/ard-pie-frt-apple-800gm
Foodland Balaklava,2025-05-04 23:55:09,Ardmona Rich & Thick Diced Tomatoes With Paste Classic,410g,N/A,$2.65,$6.46 per kg,https://foodlandbalaklava.com.au//lines/ard-tomato-rch-thk-diced-410gm
Foodland Balaklava,2025-05-04 23:55:09,Ardmona Rich & Thick Diced Tomatoes With Paste Garlic,410g,N/A,$2.65,$6.46 per kg,https://foodlandbalaklava.com.au//lines/ard-tomato-rch-thk-garl-410gm
Foodland Balaklava,2025-05-04 23:55:09,Arnott's Chocolate Scotch Finger Biscuits,250g,was $5.80,$4.55,$1.82 per 100g,https://foodlandbalaklava.com.au//lines/arn-choc-scotch-fingers-250gm
Foodland Balaklava,2025-05-04 23:55:09,Arnott's Delta Cream Biscuits,250g,was $4.20,$2.00,$0.80 per 100g,https://foodlandbalaklava.com.au//lines/arn-delta-cream-250gm
Foodland Balaklava,2025-05-04 23:55:09,Arnott's Gluten Free Tim Tams Original,150g,was $5.80,$4.90,$3.27 per 100g,https://foodlandbalaklava.com.au//lines/arn-tim-tam-choc-g-f-150gm
Foodland Balaklava,2025-05-04 23:55:09,Arnott's Jatz Minis Cracker Biscuits Sea Salt,170g,was $4.20,$3.65,$2.15 per 100g,https://foodlandbalaklava.com.au//lines/arn-jatz-mini-sea-slt-170g
Foodland Balaklava,2025-05-04 23:55:09,Arnott's Original Malt 'O' Milk Biscuits,250g,N/A,$3.45,$1.38 per 100g,https://foodlandbalaklava.com.au//lines/arn-malt-o-milk-250gm
Foodland Balaklava,2025-05-04 23:55:10,Arnott's Originals Cracker Biscuits Savoury Shapes,185g,N/A,$4.00,$2.16 per 100g,https://foodlandbalaklava.com.au//lines/arn-shapes-savoury-185gm
Foodland Balaklava,2025-05-04 23:55:10,Arnott's Salada Wholemeal,250g,N/A,$4.20,$1.68 per 100g,https://foodlandbalaklava.com.au//lines/arn-salada-with-wholemeal250gm
Foodland Balaklava,2025-05-04 23:55:10,Arnott's Shapes Fully Loaded Wicked Sweet Chilli,130g,N/A,$4.00,$3.08 per 100g,https://foodlandbalaklava.com.au//lines/arn-shapes-f-ld-swt-chil-130gm
Foodland Balaklava,2025-05-04 23:55:10,Arnott's Shapes Originals Biscuits Xbox 25 Fully Loaded Ultimate Cheese,130g,N/A,$4.00,$3.08 per 100g,https://foodlandbalaklava.com.au//lines/arn-shapes-f-ld-ult-chse-130gm
Foodland Balaklava,2025-05-04 23:55:10,Arnott's The Original Milk Arrowroot Plain Biscuits,250g,was $2.65,$1.75,$0.70 per 100g,https://foodlandbalaklava.com.au//lines/arn-milk-arrowroot-250gm
Foodland Balaklava,2025-05-04 23:55:10,Arnott's Tim Tam Deluxe Chocolate Biscuits Decadent Triple Choc,175g,N/A,$6.85,$3.91 per 100g,https://foodlandbalaklava.com.au//lines/arn-choc-tim-tam-trpl-chc175gm
Foodland Balaklava,2025-05-04 23:55:10,Arnott's Tim Tam Double Coat Chocolate Biscuits,200g,N/A,$6.00,$3.00 per 100g,https://foodlandbalaklava.com.au//lines/arn-choc-tim-tam-dbl-choc200gm
Foodland Balaklava,2025-05-04 23:55:10,Arnott's Tim Tam White Chocolate Biscuits Nz,165g,N/A,$6.00,$3.64 per 100g,https://foodlandbalaklava.com.au//lines/arn-choc-tim-tam-white-165gm
Foodland Balaklava,2025-05-04 23:55:10,Arnott's Tiny Teddy Half Coated In Milk Chocolate Biscuits,200g,N/A,$4.20,$2.10 per 100g,https://foodlandbalaklava.com.au//lines/arn-choc-tiny-teddy-hf-ct200gm
Foodland Balaklava,2025-05-04 23:55:10,Arnott's Vita Weat Original,250g,N/A,$4.20,$1.68 per 100g,https://foodlandbalaklava.com.au//lines/arn-vita-weat-250gm
Foodland Balaklava,2025-05-04 23:55:10,Artline 70 Marker Black,N/A,N/A,$5.80,N/A,https://foodlandbalaklava.com.au//lines/artline-marker-70-blk
Foodland Balaklava,2025-05-04 23:55:10,Astra Microfibre Cloths 3 Pack,N/A,was $5.50,$4.60,$1.53 Each,https://foodlandbalaklava.com.au//lines/astra-cloths-microfibre-3s
Foodland Balaklava,2025-05-04 23:55:10,Ayam Premium Coconut Cream,270mL,N/A,$3.05,$1.13 per 100mL,https://foodlandbalaklava.com.au//lines/ayam-coconut-cream-270ml
Foodland Balaklava,2025-05-04 23:55:10,Black & Gold Bisc Custard Crm,140g,N/A,$0.90,$0.64 per 100g,https://foodlandbalaklava.com.au//lines/b-gold-bisc-custard-crm-140gm
Foodland Balaklava,2025-05-04 23:55:10,Black & Gold Brush Bulldog,N/A,N/A,$3.15,N/A,https://foodlandbalaklava.com.au//lines/b-gold-brush-bulldog-1
Foodland Balaklava,2025-05-04 23:55:10,Black & Gold Scourer Sponges 3pk,N/A,N/A,$2.00,$0.67 Each,https://foodlandbalaklava.com.au//lines/b-gold-scourer-sponges-3pk
Foodland Balaklava,2025-05-04 23:55:10,B/​Ovn Sponge Roll Choc,400g,N/A,$4.75,$1.19 per 100g,https://foodlandbalaklava.com.au//lines/b-ovn-sponge-roll-choc-400gm
Foodland Balaklava,2025-05-04 23:55:10,Baby Boo Junior Nappy Size 6,N/A,N/A,$12.00,$0.30 Each,https://foodlandbalaklava.com.au//lines/baby-boo-nappy-jnr-sz6-40pk
Foodland Balaklava,2025-05-04 23:55:10,"Babylove Everyday Wipes,",80 x 80W,was $4.20,$3.50,$4.38 Units100,https://foodlandbalaklava.com.au//lines/babylove-wipes-baby-evyday-80s
Foodland Balaklava,2025-05-04 23:55:10,Bake Stone Deli Pizza Base 3 Pack Medium,450g,N/A,$4.95,$1.10 per 100g,https://foodlandbalaklava.com.au//lines/b-stone-classic-pizza-base-3pk
Foodland Balaklava,2025-05-04 23:55:10,Bakers Oven Croissant,4 x 168g,N/A,$2.95,$1.76 per 100g,https://foodlandbalaklava.com.au//lines/b-ovn-croissant-4pk-168g
Foodland Balaklava,2025-05-04 23:55:10,Baker’​S Choice Custard Tarts,N/A,N/A,$7.50,$2.08 per 100g,https://foodlandbalaklava.com.au//lines/b-coll-custard-tart-6pk-360g
Foodland Balaklava,2025-05-04 23:55:10,Balducci Trivelle No. 17,500g,was $2.00,$1.75,$0.35 per 100g,https://foodlandbalaklava.com.au//lines/balducci-trivelle-17-500gm
Foodland Balaklava,2025-05-04 23:55:10,Balfours Custard Tart C/​Wrp,140g,N/A,$4.00,$2.86 per 100g,https://foodlandbalaklava.com.au//lines/balf-custard-tart-c-wrp-140gm
Foodland Balaklava,2025-05-04 23:55:10,Balfours Fresh Choc Iced Donut Clamshell,120g,was $3.29,$2.60,$2.17 per 100g,https://foodlandbalaklava.com.au//lines/balfours-donut-choc-120g
Foodland Balaklava,2025-05-04 23:55:10,Balfours Fresh Pasty,160g,was $4.00,$3.40,$2.12 per 100g,https://foodlandbalaklava.com.au//lines/balfour-pastie-c-wrap-160gm
Foodland Balaklava,2025-05-04 23:55:10,Balfours Fresh Premium Potato Pie,220g,N/A,$5.00,$2.27 per 100g,https://foodlandbalaklava.com.au//lines/balf-prem-pie-bkd-pot-220gm
Foodland Balaklava,2025-05-04 23:55:10,Balfours Frozen Party Sausage Rolls,450g,N/A,$10.50,$2.33 per 100g,https://foodlandbalaklava.com.au//lines/balf-s-roll-party-12s-450gm
Foodland Balaklava,2025-05-04 23:55:10,Balfours Homestyle Double Choc Muffin,150g,N/A,$3.70,$2.47 per 100g,https://foodlandbalaklava.com.au//lines/balf-h-s-double-choc-muffin-150g
Foodland Balaklava,2025-05-04 23:55:10,Balfours Premium Beef & Mushroom Pie,200g,N/A,$5.00,$2.50 per 100g,https://foodlandbalaklava.com.au//lines/balfours-prem-pie-bf-mshr-200gm
Foodland Balaklava,2025-05-04 23:55:10,Balfours Premium Beef Bacon & Cheese Pie,200g,N/A,$5.00,$2.50 per 100g,https://foodlandbalaklava.com.au//lines/balf-prem-pie-b-bc-chs-200gm
Foodland Balaklava,2025-05-04 23:55:10,Band-Aid Clear Strips 40 Pack,N/A,was $5.25,$4.10,$0.10 Each,https://foodlandbalaklava.com.au//lines/bandaid-clear-strips-40s
Foodland Balaklava,2025-05-04 23:55:10,BAROSSA COUNTRY LIVERWURST,175g,N/A,$4.99,N/A,https://foodlandbalaklava.com.au//lines/liverwurst-country-175g
Foodland Balaklava,2025-05-04 23:55:10,Bazaar® Greek Yiros 6 Pack,N/A,N/A,$4.19,$0.84 per 100g,https://foodlandbalaklava.com.au//lines/bazaar-greek-yiros-6pk
Foodland Balaklava,2025-05-04 23:55:10,Beef Schnitzel,N/A,N/A,$19.99,N/A,https://foodlandbalaklava.com.au//lines/beef-schnitzel-3
Foodland Balaklava,2025-05-04 23:55:10,Beef Shaslicks,N/A,N/A,$4.50,N/A,https://foodlandbalaklava.com.au//lines/beef-shaslicks
Foodland Balaklava,2025-05-04 23:55:10,Beef Tomahawk Steak Rw,N/A,was $45.00,$34.00,N/A,https://foodlandbalaklava.com.au//lines/beef-tomahawk-steak-rw
Foodland Balaklava,2025-05-04 23:55:10,Beerenberg Sce Carml On,280g,N/A,$5.90,$2.11 per 100mL,https://foodlandbalaklava.com.au//lines/beerenberg-sce-carml-on-280gm
Foodland Balaklava,2025-05-04 23:55:10,Bega Cheddar Block,500g,N/A,$7.90,$15.80 per kg,https://foodlandbalaklava.com.au//lines/bega-chse-ched-block-500g
Foodland Balaklava,2025-05-04 23:55:10,Bega Cheese Colby Slices,500g,was $11.55,$11.00,$22.00 per kg,https://foodlandbalaklava.com.au//lines/bega-chse-ched-colby-slc-500gm
Foodland Balaklava,2025-05-04 23:55:10,Bega Country Light Tasty Grated Cheese,500g,N/A,$9.50,$19.00 per kg,https://foodlandbalaklava.com.au//lines/bega-chse-chdr-grtd50-r-f500gm
Foodland Balaklava,2025-05-04 23:55:10,Bega Country Light Tasty Natural Cheese Slices,500g,was $11.55,$11.00,$22.00 per kg,https://foodlandbalaklava.com.au//lines/bega-chse-chdr25-r-f-slc500gm
Foodland Balaklava,2025-05-04 23:55:10,Bega Country Light Vintage Natural Cheese Slices,250g,was $7.90,$5.50,$22.00 per kg,https://foodlandbalaklava.com.au//lines/bega-chse-chdr25-r-f-slc250gm
Foodland Balaklava,2025-05-04 23:55:10,Bega Cream Cheese Bold,250g,N/A,$4.30,$1.72 per 100g,https://foodlandbalaklava.com.au//lines/bega-crm-chse-srpd-bold-250gm
Foodland Balaklava,2025-05-04 23:55:10,Bega No Added Sugar Or Salt Peanut Butter Smooth,325g,N/A,$4.70,$1.45 per 100g,https://foodlandbalaklava.com.au//lines/bega-peanut-btr-smth-nas-325gm
Foodland Balaklava,2025-05-04 23:55:10,Bega Peanut Butter Smooth,200g,N/A,$3.90,$1.95 per 100g,https://foodlandbalaklava.com.au//lines/bega-p-btr-smooth-200gm
Foodland Balaklava,2025-05-04 23:55:10,Bega Peanut Butter Smooth,375g,was $4.90,$4.10,$1.09 per 100g,https://foodlandbalaklava.com.au//lines/bega-p-btr-smooth-375gm
Foodland Balaklava,2025-05-04 23:55:10,Belvita Breakfast Biscuits Honey & Nut With Chocolate Chips,300g,was $4.75,$4.00,$1.33 per 100g,https://foodlandbalaklava.com.au//lines/belvita-bfast-honey-nut-300g
Foodland Balaklava,2025-05-04 23:55:11,Ben's Original Special Fried Microwave Rice Pouch,250g,was $4.20,$3.60,$1.44 per 100g,https://foodlandbalaklava.com.au//lines/bens-orig-spc-frd-rce-pch250gm
Foodland Balaklava,2025-05-04 23:55:11,Better Homes & Gardens Puzzle Book,N/A,N/A,$10.99,N/A,https://foodlandbalaklava.com.au//lines/better-homes-gardens-puzzle-book-1
Foodland Balaklava,2025-05-04 23:55:11,Big Lolly Fizzy Worms,140g,was $2.95,$2.30,$1.64 per 100g,https://foodlandbalaklava.com.au//lines/big-lolly-fizzy-worms-140gm
Foodland Balaklava,2025-05-04 23:55:11,Birds Eye Air Baked Whiting,890g,was $21.00,$17.00,$19.10 per kg,https://foodlandbalaklava.com.au//lines/b-eye-fish-a-bke-whiting-890g
Foodland Balaklava,2025-05-04 23:55:11,Birds Eye Birdseye Battered Fish,425g,N/A,$12.00,$28.24 per kg,https://foodlandbalaklava.com.au//lines/b-eye-fish-o-bke-bat-lt6s425gm
Foodland Balaklava,2025-05-04 23:55:11,Birds Eye Birdseye Dl Whiting S&​P Crumb,250g,N/A,$10.00,$40.00 per kg,https://foodlandbalaklava.com.au//lines/b-eye-fish-deli-whit-crmb-250g
Foodland Balaklava,2025-05-04 23:55:11,Birds Eye Birdseye Herb Garlic Fish,425g,N/A,$12.00,$28.24 per kg,https://foodlandbalaklava.com.au//lines/b-eye-fish-o-bke-hrb-gar-425gm
Foodland Balaklava,2025-05-04 23:55:11,Birds Eye Birdseye Original Crumbed Fish,425g,N/A,$12.00,$28.24 per kg,https://foodlandbalaklava.com.au//lines/b-eye-fish-o-bke-crmb-6s-425gm
Foodland Balaklava,2025-05-04 23:55:11,Birds Eye Birdseye Steam Fresh Carrot Cauli Broc,450g,N/A,$4.75,$10.56 per kg,https://foodlandbalaklava.com.au//lines/b-eye-s-frsh-brc-caul-crt450gm
Foodland Balaklava,2025-05-04 23:55:11,Birds Eye Bubble 'N Squeak Patties 8 With Vegetables & Mashed Potato,620g,N/A,$7.15,$1.15 per 100g,https://foodlandbalaklava.com.au//lines/b-eye-bubble-squeak-620gm
Foodland Balaklava,2025-05-04 23:55:11,Birds Eye Corn Kernels,825g,was $7.05,$5.70,$6.91 per kg,https://foodlandbalaklava.com.au//lines/b-eye-corn-kernels-825g
Foodland Balaklava,2025-05-04 23:55:11,Birds Eye Country Harvest Garden Mix,1kg,N/A,$6.85,$6.85 per kg,https://foodlandbalaklava.com.au//lines/b-eye-c-harv-garden-mix-1kg
Foodland Balaklava,2025-05-04 23:55:11,Birds Eye Country Harvest Mixed Vegetables,1kg,N/A,$6.85,$6.85 per kg,https://foodlandbalaklava.com.au//lines/b-eye-c-harv-mixed-veg-1kg
Foodland Balaklava,2025-05-04 23:55:11,"Birds Eye Deli Roast Vegeies Potato, Pumpkin, Red Onion And Carrot Seaoned With Rosemary & Oil",600g,N/A,$7.35,$12.25 per kg,https://foodlandbalaklava.com.au//lines/b-eye-deli-rst-veg-mix-600gm
Foodland Balaklava,2025-05-04 23:55:11,Birds Eye Deli Seas Chips Parmesan Garlic Basil,600g,N/A,$6.30,$10.50 per kg,https://foodlandbalaklava.com.au//lines/b-eye-chips-prmsn-grl-bsl-600g
Foodland Balaklava,2025-05-04 23:55:11,Birds Eye Fish O/​B Lem Peppe,425g,N/A,$12.00,$28.24 per kg,https://foodlandbalaklava.com.au//lines/b-eye-fish-o-bke-lem-pep-425gm
Foodland Balaklava,2025-05-04 23:55:11,Bird’​S Eye Baby Beans,825g,N/A,$4.70,$5.70 per kg,https://foodlandbalaklava.com.au//lines/b-eye-beans-baby-825g
Foodland Balaklava,2025-05-04 23:55:11,Bisto Favourite Gravy Granules,170g,was $10.00,$6.90,$0.41 per 10g,https://foodlandbalaklava.com.au//lines/bisto-grvy-gran-favrite-170gm
Foodland Balaklava,2025-05-04 23:55:11,Black & Gold Apricot Halves,825g,N/A,$3.00,$3.64 per kg,https://foodlandbalaklava.com.au//lines/b-gold-apricot-hlves-825gm
Foodland Balaklava,2025-05-04 23:55:11,Black & Gold Brown Sugar,1kg,N/A,$3.30,$0.33 per 100g,https://foodlandbalaklava.com.au//lines/b-gold-brown-sugar-1kg
Foodland Balaklava,2025-05-04 23:55:11,Black & Gold Champignons Pieces & Stems,184g,N/A,$1.40,$7.61 per kg,https://foodlandbalaklava.com.au//lines/b-gold-champ-pcs-stems-184gm
Foodland Balaklava,2025-05-04 23:55:11,Black & Gold Chow Mein Stir Fry Vegetables,500g,N/A,$2.75,$5.50 per kg,https://foodlandbalaklava.com.au//lines/b-gold-s-fry-veg-500gm
Foodland Balaklava,2025-05-04 23:55:11,Black & Gold Coconut Milk #​400ml,N/A,N/A,$1.10,$0.28 per 100mL,https://foodlandbalaklava.com.au//lines/b-gold-coconut-milk-400ml
Foodland Balaklava,2025-05-04 23:55:11,Black & Gold Custard Powder,350g,N/A,$2.50,$0.71 per 100g,https://foodlandbalaklava.com.au//lines/b-gold-custard-pdr-350gm
Foodland Balaklava,2025-05-04 23:55:11,Black & Gold Dessicated Coconut,250g,N/A,$3.15,$12.60 per kg,https://foodlandbalaklava.com.au//lines/b-gold-coconut-desicated-250gm
Foodland Balaklava,2025-05-04 23:55:11,Black & Gold Fly Insect Spray Low Irritant,300g,N/A,$3.00,$1.00 per 100g,https://foodlandbalaklava.com.au//lines/b-gold-fly-spry-low-irri-300gm
Foodland Balaklava,2025-05-04 23:55:11,Black & Gold Gingernut Biscuits,200g,N/A,$1.90,$0.95 per 100g,https://foodlandbalaklava.com.au//lines/b-gold-bisc-gingernut-200gm
Foodland Balaklava,2025-05-04 23:55:11,Black & Gold Golden Syrup,400g,N/A,$2.20,$0.55 per 100g,https://foodlandbalaklava.com.au//lines/b-gold-golden-syrup-400g
Foodland Balaklava,2025-05-04 23:55:11,Black & Gold Juice Lime,250mL,N/A,$1.00,$0.40 per 100mL,https://foodlandbalaklava.com.au//lines/b-gold-jce-lime-250ml
Foodland Balaklava,2025-05-04 23:55:11,Black & Gold Knobs Ham/​Chicken,1kg,N/A,$5.00,$5.00 per kg,https://foodlandbalaklava.com.au//lines/b-gold-knobs-ham-chicken-1kg
Foodland Balaklava,2025-05-04 23:55:11,Black & Gold Mushroom Pieces & Stems,400g,N/A,$1.70,$4.25 per kg,https://foodlandbalaklava.com.au//lines/b-gold-mushroom-pcs-stms-400gm
Foodland Balaklava,2025-05-04 23:55:11,Black & Gold Neapolitan Ice Cream,2L,N/A,$4.50,$0.22 per 100mL,https://foodlandbalaklava.com.au//lines/b-gold-i-crm-neapolitan-2l-1
Foodland Balaklava,2025-05-04 23:55:11,Black & Gold Orange Soft Drink 1.​25,N/A,N/A,$1.30,$1.04 per L,https://foodlandbalaklava.com.au//lines/b-gold-orange-1-25l
Foodland Balaklava,2025-05-04 23:55:11,Black & Gold Paper Plates,N/A,N/A,$1.50,$0.08 Each,https://foodlandbalaklava.com.au//lines/b-gold-pap-plate-u-c180mm-20s
Foodland Balaklava,2025-05-04 23:55:11,Black & Gold Paper Plates,N/A,N/A,$3.50,$0.07 Each,https://foodlandbalaklava.com.au//lines/b-gold-paper-plte-u-c225mm-50s-1
Foodland Balaklava,2025-05-04 23:55:11,Black & Gold Paper Towels 2 Ply 100s Twin Pack,N/A,N/A,$2.20,$1.10 per 100 Sheets,https://foodlandbalaklava.com.au//lines/b-gold-paper-towel-2ply-2pk
Foodland Balaklava,2025-05-04 23:55:11,Black & Gold Peas Frozen,500g,N/A,$1.80,$3.60 per kg,https://foodlandbalaklava.com.au//lines/b-gold-peas-500gm
Foodland Balaklava,2025-05-04 23:55:11,Black & Gold Quick Cooking Oats,750g,N/A,$1.70,$0.23 per 100g,https://foodlandbalaklava.com.au//lines/b-gold-oats-quick-750gm
Foodland Balaklava,2025-05-04 23:55:11,Black & Gold Rectangle Container 5pk,N/A,N/A,$3.00,$0.60 Each,https://foodlandbalaklava.com.au//lines/b-gold-rectangle-cont650ml-5pk
Foodland Balaklava,2025-05-04 23:55:11,Black & Gold Salt Cooking,2kg,N/A,$3.50,$0.18 per 100g,https://foodlandbalaklava.com.au//lines/b-gold-salt-cooking-2kg
Foodland Balaklava,2025-05-04 23:55:11,Black & Gold Sauce Soy,500mL,N/A,$1.90,$0.38 per 100mL,https://foodlandbalaklava.com.au//lines/b-gold-sce-soy-500ml
Foodland Balaklava,2025-05-04 23:55:11,Black & Gold Scrubber Mesh 3pk,N/A,N/A,$2.80,$0.93 Each,https://foodlandbalaklava.com.au//lines/b-gold-scrubber-mesh-3pk
Foodland Balaklava,2025-05-04 23:55:11,Black & Gold Shave Foam,250g,N/A,$3.00,$1.20 per 100g,https://foodlandbalaklava.com.au//lines/b-gold-shave-foam-250gm
Foodland Balaklava,2025-05-04 23:55:11,Black & Gold Table Salt Iodised,500g,N/A,$2.10,$0.42 per 100g,https://foodlandbalaklava.com.au//lines/b-gold-salt-tble-idise-drm500g
Foodland Balaklava,2025-05-04 23:55:11,Black & Gold Unsalted Butter,250g,N/A,$4.00,$1.60 per 100g,https://foodlandbalaklava.com.au//lines/b-gold-butter-unsaltd-250gm
Foodland Balaklava,2025-05-04 23:55:11,Black & Gold White Muffin Wraps,N/A,N/A,$3.70,$0.10 Each,https://foodlandbalaklava.com.au//lines/b-gold-muffin-wraps-whte-36s
Foodland Balaklava,2025-05-04 23:55:11,Black N Gold Mushroom Whole,400g,N/A,$1.65,$4.12 per kg,https://foodlandbalaklava.com.au//lines/b-gold-mshrm-whl-chmpgn-400gm
Foodland Balaklava,2025-05-04 23:55:11,Bluey Gift Wrap,1.5m,N/A,$4.99,$3.33 per M,https://foodlandbalaklava.com.au//lines/bluey-gift-wrap-1-5m
Foodland Balaklava,2025-05-04 23:55:12,Bonds Low Cut Ladies Socks Size 8-11,N/A,was $16.00,$8.00,N/A,https://foodlandbalaklava.com.au//lines/bonds-sock-lady-l-cut-8-11-3pk-3
Foodland Balaklava,2025-05-04 23:55:12,Bostik Blu Tack,75g,N/A,$3.10,N/A,https://foodlandbalaklava.com.au//lines/bostik-blu-tack-75gm
Foodland Balaklava,2025-05-04 23:55:12,Breeders Chce Cat Litter,24L,was $31.50,$24.00,$1.00 per L,https://foodlandbalaklava.com.au//lines/breeders-chce-cat-litter-24l
Foodland Balaklava,2025-05-04 23:55:12,Bref Power Active Tropical Escapes Hawaii Rim Block,2 x 50g,was $11.55,$5.50,$5.50 per 100g,https://foodlandbalaklava.com.au//lines/bref-pow-act-hawaii-2x50gm
Foodland Balaklava,2025-05-04 23:55:12,Brioche Rolls,N/A,N/A,$4.70,$1.18 Each,https://foodlandbalaklava.com.au//lines/hamburger-roll-brioche-4pk
Foodland Balaklava,2025-05-04 23:55:12,Britex Concentrated Carpet Cleaner,500mL,N/A,$19.99,$4.00 per 100mL,https://foodlandbalaklava.com.au//lines/britex-deep-cleaning-carpet-clnr-500ml
Foodland Balaklava,2025-05-04 23:55:12,Brownes Chse Vintage,200g,was $12.30,$8.50,$42.50 per kg,https://foodlandbalaklava.com.au//lines/brownes-chse-vintage-200gm
Foodland Balaklava,2025-05-04 23:55:12,Bulla Australian Style Yoghurt,900mL,was $8.70,$7.00,$0.78 per 100g,https://foodlandbalaklava.com.au//lines/bulla-ygt-aus-styl-nat-900gm
Foodland Balaklava,2025-05-04 23:55:12,Bulla Chocolate Ice Cream,2L,N/A,$6.00,$0.30 per 100mL,https://foodlandbalaklava.com.au//lines/bulla-i-crm-chocolate-2l
Foodland Balaklava,2025-05-04 23:55:12,Bulla Cream Double,200mL,was $4.50,$3.90,$1.95 per 100mL,https://foodlandbalaklava.com.au//lines/bulla-cream-double-200ml
Foodland Balaklava,2025-05-04 23:55:12,Bulla Crunch Selection Pack 8pk,N/A,N/A,$9.45,$1.50 per 100mL,https://foodlandbalaklava.com.au//lines/bulla-i-crm-crunch-selec-8s
Foodland Balaklava,2025-05-04 23:55:12,Bulla Fruit N Yogurt Mini 14pk,N/A,N/A,$9.45,$1.88 per 100mL,https://foodlandbalaklava.com.au//lines/bulla-frt-n-ygt-mini-14s
Foodland Balaklava,2025-05-04 23:55:12,Bulla Ice Cream Murray Street Lemon Curd,1L,N/A,$12.60,$1.26 per 100mL,https://foodlandbalaklava.com.au//lines/bulla-i-crm-m-st-lem-curd-1l
Foodland Balaklava,2025-05-04 23:55:12,"Bulla Murray St Creamery, Choc Mint",1L,N/A,$12.60,$1.26 per 100mL,https://foodlandbalaklava.com.au//lines/bulla-i-crm-m-st-choc-mnt-1l
Foodland Balaklava,2025-05-04 23:55:12,Bulla Splits Raspberry/​Lemon-Lime/​Mango 10pk,750mL,N/A,$9.45,$1.26 per 100mL,https://foodlandbalaklava.com.au//lines/bulla-splits-r-bry-l-lm-mgo10s
Foodland Balaklava,2025-05-04 23:55:12,Bulla Splits Selection 10pk,N/A,N/A,$9.45,$1.26 per 100mL,https://foodlandbalaklava.com.au//lines/bulla-splits-w-bry-org-trop10s
Foodland Balaklava,2025-05-04 23:55:12,Bundaberg Diet Ginger Beer,4 x 375mL,was $8.10,$6.90,$4.60 per L,https://foodlandbalaklava.com.au//lines/b-berg-diet-gngr-beer-4x375ml
Foodland Balaklava,2025-05-04 23:55:12,Buttercup Cheese & Bacon Rolls 6pk,N/A,N/A,$9.70,$1.70 per 100g,https://foodlandbalaklava.com.au//lines/buttercup-cheese-bacon-6
Foodland Balaklava,2025-05-04 23:55:12,Cabbage Chinese Half,N/A,N/A,$5.95,N/A,https://foodlandbalaklava.com.au//lines/cabbage-chinese-half-2
Foodland Balaklava,2025-05-04 23:55:12,Cadbury Baking Chocolate 70% Cocoa Dark,180g,was $6.30,$6.00,$3.33 per 100g,https://foodlandbalaklava.com.au//lines/cad-baking-choc-dark-70-180gm
Foodland Balaklava,2025-05-04 23:55:12,Cadbury Cherry Ripe Sharepack,180g,was $7.00,$6.20,$3.44 per 100g,https://foodlandbalaklava.com.au//lines/cad-cherry-ripe-shr-pk-180gm
Foodland Balaklava,2025-05-04 23:55:12,Cadbury Crunchie Sharepack,180g,was $7.00,$6.20,$3.44 per 100g,https://foodlandbalaklava.com.au//lines/cad-crunchie-bar-shr-pk-180gm
Foodland Balaklava,2025-05-04 23:55:12,Cadbury Crè​me Ice Cream With Oreo Pieces,1.2L,was $10.50,$9.30,$0.78 per 100mL,https://foodlandbalaklava.com.au//lines/cad-i-crm-oreo-1-2l
Foodland Balaklava,2025-05-04 23:55:12,Cadbury Dairy Milk Black Forest,180g,was $8.00,$5.50,$3.06 per 100g,https://foodlandbalaklava.com.au//lines/cad-choc-blk-forest-180gm
Foodland Balaklava,2025-05-04 23:55:12,Cadbury Dairy Milk Caramello Koala Milk Chocolate,180g,was $7.00,$6.20,$3.44 per 100g,https://foodlandbalaklava.com.au//lines/cad-caraml-koala-shr-pk-180gm
Foodland Balaklava,2025-05-04 23:55:12,Cadbury Dairy Milk Caramello Milk Chocolate Block,180g,was $8.00,$5.50,$3.06 per 100g,https://foodlandbalaklava.com.au//lines/cad-choc-caramello-180gm
Foodland Balaklava,2025-05-04 23:55:12,Cadbury Dairy Milk Freddo & Caramello Koala Sharepack,234g,N/A,$7.00,$2.99 per 100g,https://foodlandbalaklava.com.au//lines/cad-freddo-ck-sh-pk-12-x-234g
Foodland Balaklava,2025-05-04 23:55:12,Cadbury Dairy Milk Marble Chocolate Block,173g,was $8.00,$5.50,$3.18 per 100g,https://foodlandbalaklava.com.au//lines/cad-choc-marble-173gm
Foodland Balaklava,2025-05-04 23:55:12,Cadbury Dairy Milk Milky Top Freddo,144g,was $7.00,$6.20,$4.31 per 100g,https://foodlandbalaklava.com.au//lines/cad-freddo-milky-tp-sh-pk144gm
Foodland Balaklava,2025-05-04 23:55:12,Cadbury Dairy Milk Tropical Pineapple Milk Chocolate Block,180g,was $8.00,$5.50,$3.06 per 100g,https://foodlandbalaklava.com.au//lines/cad-choc-trop-pineapple-180gm
Foodland Balaklava,2025-05-04 23:55:12,Cadbury Dairy Milk Turkish Delight Milk Chocolate Block,180g,was $8.00,$5.50,$3.06 per 100g,https://foodlandbalaklava.com.au//lines/cad-choc-turk-delight-180gm
Foodland Balaklava,2025-05-04 23:55:12,Cadbury Dream White Chocolate Block,180g,was $8.00,$5.50,$3.06 per 100g,https://foodlandbalaklava.com.au//lines/cad-choc-dream-180gm
Foodland Balaklava,2025-05-04 23:55:12,Cadbury Dream With Oreo White Chocolate,170g,was $8.00,$5.50,$3.24 per 100g,https://foodlandbalaklava.com.au//lines/cad-choc-dream-with-oreo-170gm
Foodland Balaklava,2025-05-04 23:55:12,Cadbury Flake Milk Chocolate Sharepack,168g,was $7.00,$6.20,$3.69 per 100g,https://foodlandbalaklava.com.au//lines/cad-flake-share-pack-168gm
Foodland Balaklava,2025-05-04 23:55:12,Cadbury Freddo Dream Sharepack White Chocolate,144g,was $7.00,$6.20,$4.31 per 100g,https://foodlandbalaklava.com.au//lines/cad-freddo-dream-sh-pk-144g
Foodland Balaklava,2025-05-04 23:55:12,Cadbury Humpty Dumpty Easter Egg,25g,N/A,$2.65,$10.60 per 100g,https://foodlandbalaklava.com.au//lines/cad-choc-humpty-countlne-25gm
Foodland Balaklava,2025-05-04 23:55:12,Cadbury Old Gold Dark Chocolate Old Jamaica Rum N Raisin,180g,was $8.00,$5.50,$3.06 per 100g,https://foodlandbalaklava.com.au//lines/cad-choc-o-gld-jamaica-180gm
Foodland Balaklava,2025-05-04 23:55:12,Cadbury Old Gold Slices Mint Creme Dark Chocolate Block,176g,was $8.00,$5.50,$3.12 per 100g,https://foodlandbalaklava.com.au//lines/cad-choc-o-gld-mint-slce-176gm
Foodland Balaklava,2025-05-04 23:55:12,Cadbury Roses,225g,was $12.60,$11.10,$4.93 per 100g,https://foodlandbalaklava.com.au//lines/cad-choc-roses-box-2024-225g
Foodland Balaklava,2025-05-04 23:55:12,Cadbury Twirl Four Pack,58g,N/A,$3.15,$5.43 per 100g,https://foodlandbalaklava.com.au//lines/cad-choc-twirl-k-size-58gm-1
Foodland Balaklava,2025-05-04 23:55:12,Campbell's Beef Bone Broth,500mL,was $7.35,$6.00,$1.20 per 100mL,https://foodlandbalaklava.com.au//lines/camp-bone-broth-g-fed-bf-500ml
Foodland Balaklava,2025-05-04 23:55:12,Campbell's Real Stock Beef Stock,1L,N/A,$4.50,$0.45 per 100mL,https://foodlandbalaklava.com.au//lines/camp-real-stock-beef-1l
Foodland Balaklava,2025-05-04 23:55:12,Campbell's Spaghetti Sauce With Beef,410g,N/A,$3.55,$0.87 per 100g,https://foodlandbalaklava.com.au//lines/camp-spag-sce-with-beef-410gm
Foodland Balaklava,2025-05-04 23:55:12,Carman's 100% Natural Fruit Straps Apple 5 Twin Packs,70g,was $5.80,$5.35,$7.64 per 100g,https://foodlandbalaklava.com.au//lines/carmans-apple-fruit-straps-70g
Foodland Balaklava,2025-05-04 23:55:12,Carman's Limited Edition Dark Choc Cherry And Coconut,210g,N/A,$7.90,$3.76 per 100g,https://foodlandbalaklava.com.au//lines/carmans-bar-drk-c-cherry-210gm
Foodland Balaklava,2025-05-04 23:55:12,Carman's Muesli Bars Classic Fruit & Nut,270g,N/A,$7.90,$2.93 per 100g,https://foodlandbalaklava.com.au//lines/carmans-mues-b-classic-270gm
Foodland Balaklava,2025-05-04 23:55:12,Castello Extra Creamy Danish Blue Cheese,100g,N/A,$5.00,$5.00 per 100g,https://foodlandbalaklava.com.au//lines/castello-danish-blue-extra-creamy-100g
Foodland Balaklava,2025-05-04 23:55:12,Cb Fetta Bay Leaves Pres Lm335g,N/A,was $10.60,$9.00,$26.87 per kg,https://foodlandbalaklava.com.au//lines/cb-fetta-bay-leaves-pres-lm335g
Foodland Balaklava,2025-05-04 23:55:13,Ccs Nacho Cheese,175g,was $5.25,$4.55,$2.60 per 100g,https://foodlandbalaklava.com.au//lines/cc-s-c-chips-nacho-chse-175gm
Foodland Balaklava,2025-05-04 23:55:13,Celery Hearts,N/A,N/A,$5.20,N/A,https://foodlandbalaklava.com.au//lines/celery-hearts
Foodland Balaklava,2025-05-04 23:55:13,Cenovis Magnesium 200 Tablets,200 x 455mL,N/A,$27.00,$13.50 Units100,https://foodlandbalaklava.com.au//lines/cenovis-magnesium-val-pk-200s
Foodland Balaklava,2025-05-04 23:55:13,"Cetaphil Gentle Skin Cleanser , For Face & Body Care",500mL,N/A,$24.15,$4.83 per 100mL,https://foodlandbalaklava.com.au//lines/cetaphil-cleanser-gentle-500ml
Foodland Balaklava,2025-05-04 23:55:13,Changs Original Fried Noodles,100g,N/A,$1.80,$1.80 per 100g,https://foodlandbalaklava.com.au//lines/chang-fried-noodles-100gm
Foodland Balaklava,2025-05-04 23:55:13,Cheer Plant Based Shredded Cheese,200g,was $7.35,$6.30,$31.50 per kg,https://foodlandbalaklava.com.au//lines/cheer-plnt-chse-tsty-shrd200gm
Foodland Balaklava,2025-05-04 23:55:13,Cheer Tasty Cheese Block,200g,was $6.85,$5.65,$28.25 per kg,https://foodlandbalaklava.com.au//lines/cheer-chse-tsty-blck-200g
Foodland Balaklava,2025-05-04 23:55:13,Cheese Kransky,N/A,was $17.00,$15.90,N/A,https://foodlandbalaklava.com.au//lines/kransky-cheese
Foodland Balaklava,2025-05-04 23:55:13,Chickadees Chicken Snack,190g,N/A,$4.00,$2.11 per 100g,https://foodlandbalaklava.com.au//lines/chickadees-chicken-snack-190gm
Foodland Balaklava,2025-05-04 23:55:13,Chicken Cordon Bleu,N/A,N/A,$19.99,N/A,https://foodlandbalaklava.com.au//lines/chicken-cordon-bleu
Foodland Balaklava,2025-05-04 23:55:13,Chicken Spinach & Cheese Patties,N/A,N/A,$1.50,N/A,https://foodlandbalaklava.com.au//lines/chicken-spinach-cheese-patties
Foodland Balaklava,2025-05-04 23:55:13,Chicken Wings,N/A,N/A,$6.50,N/A,https://foodlandbalaklava.com.au//lines/chicken-wings
Foodland Balaklava,2025-05-04 23:55:13,Chobani Fit High Protein Greek Yogurt Vanilla,160g,N/A,$2.80,$1.75 per 100g,https://foodlandbalaklava.com.au//lines/ch-fit-vanilla-tub-160gm
Foodland Balaklava,2025-05-04 23:55:13,Chobani Greek Yogurt Natural Light,907g,N/A,$7.90,$0.87 per 100g,https://foodlandbalaklava.com.au//lines/ch-yogurt-plain-907g
Foodland Balaklava,2025-05-04 23:55:13,Chomp Caramel,30g,N/A,$1.00,$3.33 per 100g,https://foodlandbalaklava.com.au//lines/cad-chomp-wafer-bisc-2341-30gm
Foodland Balaklava,2025-05-04 23:55:13,Chris Dip Trad Frnch On,200g,was $4.75,$4.50,$2.25 per 100g,https://foodlandbalaklava.com.au//lines/chris-dip-trad-french-on-200gm
Foodland Balaklava,2025-05-04 23:55:13,Chris Greek Dips Spring Onion,200g,was $4.75,$4.50,$2.25 per 100g,https://foodlandbalaklava.com.au//lines/chris-dip-trad-sprng-on-200gm
Foodland Balaklava,2025-05-04 23:55:13,Chux® Non-Scratch Scourer + Foam Sponge 6 Pack 6pk,N/A,was $5.25,$4.00,$0.67 Each,https://foodlandbalaklava.com.au//lines/chux-scourer-n-scratch-6pk
Foodland Balaklava,2025-05-04 23:55:13,Chux® Original Superwipes® 20 Pack 20pk,N/A,was $8.40,$6.00,$0.30 Each,https://foodlandbalaklava.com.au//lines/chux-super-wipes-regular-20s
Foodland Balaklava,2025-05-04 23:55:13,Chux® Original Superwipes® 25 Pack 25pk,N/A,N/A,$6.90,$0.28 Each,https://foodlandbalaklava.com.au//lines/chux-super-wipes-on-roll-25s
Foodland Balaklava,2025-05-04 23:55:13,Coat Hanger Non-Slip 4pk,N/A,N/A,$5.57,N/A,https://foodlandbalaklava.com.au//lines/coat-hanger-non-slip-4pk
Foodland Balaklava,2025-05-04 23:55:13,Cobram Estate Light Extra Virgin Olive Oil,375mL,N/A,$13.00,$3.47 per 100mL,https://foodlandbalaklava.com.au//lines/cobram-o-oil-x-v-light-375m
Foodland Balaklava,2025-05-04 23:55:13,Cobs Multipack Sea Salt Popcorn 5pk,65g,N/A,$4.20,$6.46 per 100g,https://foodlandbalaklava.com.au//lines/cobs-popcorn-sea-slt-5x13gm
Foodland Balaklava,2025-05-04 23:55:13,Coca-Cola Classic Soft Drink Bottle,2L,was $5.45,$4.20,$2.10 per L,https://foodlandbalaklava.com.au//lines/coca-cola-2l
Foodland Balaklava,2025-05-04 23:55:13,Coca-Cola Classic Soft Drink Multipack Mini Bottles 12 X .​0x300ml,12 x 300mL,was $21.00,$17.90,$4.97 per L,https://foodlandbalaklava.com.au//lines/coca-cola-12x300ml
Foodland Balaklava,2025-05-04 23:55:13,Coca-Cola Light/​Diet Coke Diet Coca-Cola Soft Drink Multipack Cans,24 x 375mL,N/A,$41.25,$4.58 per L,https://foodlandbalaklava.com.au//lines/diet-coke-24x375ml-1
Foodland Balaklava,2025-05-04 23:55:13,Coca-Cola Vanilla Soft Drink Multipack Cans,10 x 375mL,was $21.00,$12.00,$3.20 per L,https://foodlandbalaklava.com.au//lines/coke-vanilla-10x375ml
Foodland Balaklava,2025-05-04 23:55:13,Coco Bella Chocolate Coconut Water,1L,N/A,$5.80,$5.80 per L,https://foodlandbalaklava.com.au//lines/cocobella-coconut-wtr-choc-1l
Foodland Balaklava,2025-05-04 23:55:13,"Colgate 360° Whole Mouth Clean Manual Toothbrush, Value 2 Pack, Medium Bristles",N/A,was $8.40,$7.35,$3.68 Each,https://foodlandbalaklava.com.au//lines/colg-t-brush-360-deg-twn-med
Foodland Balaklava,2025-05-04 23:55:13,"Colgate 360° Whole Mouth Clean Manual Toothbrush, Value 2 Pack, Soft Bristles",N/A,was $8.40,$7.35,$3.68 Each,https://foodlandbalaklava.com.au//lines/colg-t-brsh-360-deg-soft-twn
Foodland Balaklava,2025-05-04 23:55:13,"Colgate Advanced Whitening Tartar Control Toothpaste, , With Micro-Cleansing Crystals",200g,N/A,$10.50,$5.25 per 100mL,https://foodlandbalaklava.com.au//lines/colg-t-paste-white-tartar200gm
Foodland Balaklava,2025-05-04 23:55:13,"Colgate Kids Junior Bluey Toothpaste, , Children 2 - 5 Years, Mild Mint Gel",90g,was $2.90,$2.75,$3.06 per 100g,https://foodlandbalaklava.com.au//lines/colg-t-pste-kids-mint-gel-90gm
Foodland Balaklava,2025-05-04 23:55:13,"Colgate Kids Minions Toothpaste, , For Children 6+ Years, Mild Mint Gel, Sugar Free",90g,was $2.90,$2.75,$3.06 per 100g,https://foodlandbalaklava.com.au//lines/colg-t-paste-kids-mint-90gm
Foodland Balaklava,2025-05-04 23:55:13,"Colgate Max White Manual Toothbrush, Value 3 Pack, Medium Bristles With Polishing Star",N/A,N/A,$10.50,$3.50 Each,https://foodlandbalaklava.com.au//lines/colg-t-brush-max-white-med-3pk
Foodland Balaklava,2025-05-04 23:55:13,Colgate Total Active Prevention Original Toothpaste,115g,was $5.25,$4.30,$3.74 per 100g,https://foodlandbalaklava.com.au//lines/colg-t-paste-total-115gm
Foodland Balaklava,2025-05-04 23:55:13,"Colgate Twister Manual Toothbrush, 1 Pack, Soft Bristles, Fresher Breath",N/A,was $3.35,$2.50,N/A,https://foodlandbalaklava.com.au//lines/colg-t-brush-twst-adlt-sft-sng
Foodland Balaklava,2025-05-04 23:55:13,Command Mounting Hook Large - White 1 Pack,N/A,N/A,$7.65,N/A,https://foodlandbalaklava.com.au//lines/command-mounting-hook-large-white-1-pack
Foodland Balaklava,2025-05-04 23:55:13,Command Picture Hanging Strips Medium - White - 4 Pack,N/A,N/A,$8.65,N/A,https://foodlandbalaklava.com.au//lines/command-picture-hanging-strips-medium-white-4-pack
Foodland Balaklava,2025-05-04 23:55:13,Community Co Apple & Cimmanon Hot Cross Buns,N/A,was $4.00,$3.40,$0.71 per 100g,https://foodlandbalaklava.com.au//lines/comm-co-easter-bun-apl-cin-4pk
Foodland Balaklava,2025-05-04 23:55:13,Community Co Baby Rocket,100g,N/A,$3.00,$30.00 per kg,https://foodlandbalaklava.com.au//lines/comm-co-baby-rocket-100g
Foodland Balaklava,2025-05-04 23:55:13,Community Co Beef Brisket,500g,N/A,$11.00,$22.00 per kg,https://foodlandbalaklava.com.au//lines/comm-co-aus-s-c-beef-brsk500gm
Foodland Balaklava,2025-05-04 23:55:13,Community Co Black Pepper Corns Grinder,50g,N/A,$4.00,$0.80 per 10g,https://foodlandbalaklava.com.au//lines/comm-co-pep-crn-grndr-blk-50gm
Foodland Balaklava,2025-05-04 23:55:13,Community Co Brown Rice & Quinoa Microwavable Rice,250g,N/A,$2.35,$0.94 per 100g,https://foodlandbalaklava.com.au//lines/comm-co-m-wve-rce-br-qun-250gm
Foodland Balaklava,2025-05-04 23:55:13,Community Co Brown Rice Microwavable Rice,250g,N/A,$1.90,$0.76 per 100g,https://foodlandbalaklava.com.au//lines/comm-co-m-wve-rce-brown-250gm
Foodland Balaklava,2025-05-04 23:55:13,Community Co Canola Oil Spray,400g,N/A,$4.30,$1.08 per 100g,https://foodlandbalaklava.com.au//lines/comm-co-oil-canola-spray-400gm
Foodland Balaklava,2025-05-04 23:55:13,Community Co Caramel Mud Cake,600g,was $6.60,$5.90,$0.98 per 100g,https://foodlandbalaklava.com.au//lines/comm-co-mud-cke-caramel-600gm
Foodland Balaklava,2025-05-04 23:55:13,Community Co Crystal Peak,12 x 600mL,N/A,$6.00,$0.83 per L,https://foodlandbalaklava.com.au//lines/comm-co-c-pk-sp-wtr-12x600ml
Foodland Balaklava,2025-05-04 23:55:13,Community Co Fruit Cake,700g,N/A,$6.45,$0.92 per 100g,https://foodlandbalaklava.com.au//lines/comm-co-fruit-cake-light-700gm
Foodland Balaklava,2025-05-04 23:55:14,Community Co Fruit Salad In Juice,695g,N/A,$3.80,$5.47 per kg,https://foodlandbalaklava.com.au//lines/comm-co-frt-salad-in-jce-695gm
Foodland Balaklava,2025-05-04 23:55:14,Community Co Leafy Mix,160g,was $2.50,$1.30,$8.12 per kg,https://foodlandbalaklava.com.au//lines/comm-co-leafy-mix-160g
Foodland Balaklava,2025-05-04 23:55:14,Community Co Lime Flavoured Jelly Crystals,85g,N/A,$1.30,$1.53 per 100g,https://foodlandbalaklava.com.au//lines/comm-co-jelly-nat-lime-85gm
Foodland Balaklava,2025-05-04 23:55:14,Community Co Mini Pizza Bases,600g,N/A,$5.35,$0.89 per 100g,https://foodlandbalaklava.com.au//lines/comm-co-pza-bse-min-10pk-600gm
Foodland Balaklava,2025-05-04 23:55:14,Community Co Plain Sourdough Loaf,500g,N/A,$7.00,$1.40 per 100g,https://foodlandbalaklava.com.au//lines/plain-sourdough-loaf-500gm
Foodland Balaklava,2025-05-04 23:55:14,Community Co Tasty Cheese Block,250g,N/A,$6.00,$24.00 per kg,https://foodlandbalaklava.com.au//lines/comm-co-chse-blk-tasty-250gm
Foodland Balaklava,2025-05-04 23:55:14,Community Co Waffle Cone,N/A,N/A,$4.00,$2.35 per 100g,https://foodlandbalaklava.com.au//lines/comm-co-cone-waffle-12pk
Foodland Balaklava,2025-05-04 23:55:14,Community Co Wooden Forks,N/A,N/A,$1.80,$15.00 Units100,https://foodlandbalaklava.com.au//lines/comm-co-fork-wooden-12pk
Foodland Balaklava,2025-05-04 23:55:14,Community Co Wooden Spoons,N/A,N/A,$1.80,$0.15 Each,https://foodlandbalaklava.com.au//lines/comm-co-spoon-wooden-12pk
Foodland Balaklava,2025-05-04 23:55:14,Community Co. Baby Capers,100g,N/A,$2.50,$25.00 per kg,https://foodlandbalaklava.com.au//lines/comm-co-capers-baby-100gm
Foodland Balaklava,2025-05-04 23:55:14,Community Co. Cranberries Dried,200g,N/A,$3.75,$18.75 per kg,https://foodlandbalaklava.com.au//lines/comm-co-cranberries-drd-200gm-1
Foodland Balaklava,2025-05-04 23:55:14,Community Co. Danish Fetta Cheese,200g,N/A,$3.50,$17.50 per kg,https://foodlandbalaklava.com.au//lines/comm-co-chse-feta-dnsh-200gm
Foodland Balaklava,2025-05-04 23:55:14,Community Co. Extra Tasty Cheese Slices,500g,N/A,$8.30,$16.60 per kg,https://foodlandbalaklava.com.au//lines/comm-co-chse-slce-x-tsty-500gm
Foodland Balaklava,2025-05-04 23:55:14,Community Co. Pine Nuts,80g,N/A,$7.00,$87.50 per kg,https://foodlandbalaklava.com.au//lines/comm-co-pine-nuts-80gm-1
Foodland Balaklava,2025-05-04 23:55:14,Community Co. Pitted Kalamata Olives,350g,N/A,$3.65,$10.43 per kg,https://foodlandbalaklava.com.au//lines/comm-co-olives-kalam-ptd-350gm
Foodland Balaklava,2025-05-04 23:55:14,Community Co. Slivered Almonds,120g,N/A,$3.60,$30.00 per kg,https://foodlandbalaklava.com.au//lines/comm-co-almond-slivered-120gm
Foodland Balaklava,2025-05-04 23:55:14,Compostable Check Out Bags Each,N/A,N/A,$0.20,N/A,https://foodlandbalaklava.com.au//lines/compostable-check-out-bags-each
Foodland Balaklava,2025-05-04 23:55:14,Continental Classics Cup A Soup Chicken With Lots Of Noodles,60g,was $2.95,$1.40,$2.33 per 100g,https://foodlandbalaklava.com.au//lines/cupasoup-lots-ndl-chicken-2srv
Foodland Balaklava,2025-05-04 23:55:14,Continental Classics Cup A Soup Creamy Potato & Bacon With Croutons,50g,was $2.95,$1.40,$2.80 per 100g,https://foodlandbalaklava.com.au//lines/cupasoup-crt-crmy-pot-bac-2srv
Foodland Balaklava,2025-05-04 23:55:14,Continental Classics Cup A Soup Italian Minestrone With Pasta,75g,was $2.95,$1.40,$1.87 per 100g,https://foodlandbalaklava.com.au//lines/cupasoup-hrty-ital-mnstne-2srv
Foodland Balaklava,2025-05-04 23:55:14,Continental Classics Cup A Soup Original Tomato,80g,N/A,$3.15,$3.94 per 100mL,https://foodlandbalaklava.com.au//lines/cupasoup-tomato-4srv
Foodland Balaklava,2025-05-04 23:55:14,Continental Classics Pasta & Sauce Chicken Curry Family Pack,150g,was $4.00,$2.75,$1.83 per 100g,https://foodlandbalaklava.com.au//lines/cont-pasta-sce-chkn-curry150gm
Foodland Balaklava,2025-05-04 23:55:14,Continental Classics Seasoning Base Spaghetti Bolognese,50g,was $1.90,$1.80,$0.36 per 10g,https://foodlandbalaklava.com.au//lines/cont-r-mix-spag-bolognaise-50g
Foodland Balaklava,2025-05-04 23:55:14,Continental Classics Simmer Soup French Onion Salt Reduced,35g,N/A,$1.25,$3.57 per 100g,https://foodlandbalaklava.com.au//lines/cont-soup-french-onion-s-r35gm
Foodland Balaklava,2025-05-04 23:55:14,Continental Classics Simmer Soup Spring Vegetable,30g,N/A,$1.80,$6.00 per 100mL,https://foodlandbalaklava.com.au//lines/cont-soup-spr-vegetable-30gm
Foodland Balaklava,2025-05-04 23:55:14,Continental Cup A Soup Asian Thai Red Curry,60g,was $2.95,$1.40,$2.33 per 100g,https://foodlandbalaklava.com.au//lines/cupasoup-asian-thai-curry-2srv
Foodland Balaklava,2025-05-04 23:55:14,Continental Cup A Soup Tasty Tomato,54g,was $2.95,$1.40,$2.59 per 100g,https://foodlandbalaklava.com.au//lines/cupasoup-tasty-tomato-2srv
Foodland Balaklava,2025-05-04 23:55:14,Continental Recipe Base Creamy Tuna Mornay,30g,was $1.90,$1.80,$0.60 per 10g,https://foodlandbalaklava.com.au//lines/cont-r-mix-crmy-tuna-morn-30gm
Foodland Balaklava,2025-05-04 23:55:14,Cookies Choc Chip 6pk,N/A,N/A,$4.29,$0.72 Each,https://foodlandbalaklava.com.au//lines/cookies-choc-chip-6pk
Foodland Balaklava,2025-05-04 23:55:14,Cooks Scorched Peanut Bar Chocolate,45g,was $2.65,$1.85,$4.11 per 100g,https://foodlandbalaklava.com.au//lines/cooks-scorched-peanut-bar-45gm
Foodland Balaklava,2025-05-04 23:55:14,Cottee's Cordial Coola,1L,was $5.90,$2.95,$2.95 per L,https://foodlandbalaklava.com.au//lines/cott-cord-coola-1l
Foodland Balaklava,2025-05-04 23:55:14,Cottee's® Apricot Jam,375g,N/A,$3.50,$0.93 per 100g,https://foodlandbalaklava.com.au//lines/cott-jam-apricot-375gm
Foodland Balaklava,2025-05-04 23:55:14,Cottee's® Ginger Marmalade,375g,N/A,$3.50,$0.93 per 100g,https://foodlandbalaklava.com.au//lines/cott-marm-ginger-375gm
Foodland Balaklava,2025-05-04 23:55:14,Cottee's® Instant Pudding Vanilla Flavoured,100g,N/A,$1.90,$1.90 per 100g,https://foodlandbalaklava.com.au//lines/cott-pudd-inst-vanilla-100gm
Foodland Balaklava,2025-05-04 23:55:14,Cottees Orange Cordial Orange Crush With 40% Fruit Juice Bottle,1L,was $5.90,$2.95,$2.95 per L,https://foodlandbalaklava.com.au//lines/cott-cord-orange-1l
Foodland Balaklava,2025-05-04 23:55:14,Cottees Raspberry Cordial Bottle,1L,was $5.90,$2.95,$2.95 per L,https://foodlandbalaklava.com.au//lines/cott-cord-raspberry-1l
Foodland Balaklava,2025-05-04 23:55:14,Coyo Coconut Yoghurt Vanilla Bean,500g,N/A,$8.90,$17.80 per kg,https://foodlandbalaklava.com.au//lines/coyo-ygt-vanilla-bean-500g
Foodland Balaklava,2025-05-04 23:55:14,Creative Gourmet Blueberries,300g,was $5.95,$5.50,$18.33 per kg,https://foodlandbalaklava.com.au//lines/creat-gourm-blueberries-300gm-1
Foodland Balaklava,2025-05-04 23:55:14,Crisco Vegetable Oil,750mL,N/A,$5.80,$0.77 per 100mL,https://foodlandbalaklava.com.au//lines/crisco-oil-vegetable-750ml
Foodland Balaklava,2025-05-04 23:55:14,Csr Caster Sugar,500g,N/A,$2.50,$0.50 per 100g,https://foodlandbalaklava.com.au//lines/csr-caster-sugar-500gm-1
Foodland Balaklava,2025-05-04 23:55:14,Csr Golden Syrup,850g,N/A,$6.30,$0.74 per 100g,https://foodlandbalaklava.com.au//lines/csr-golden-syrup-850g
Foodland Balaklava,2025-05-04 23:55:14,Csr Soft Icing Sugar Mixture,500g,N/A,$2.50,$0.50 per 100g,https://foodlandbalaklava.com.au//lines/csr-icing-mix-sft-upright500gm
Foodland Balaklava,2025-05-04 23:55:14,"Cuddly Regular Liquid Fabric Softener Conditioner, , Sunshine Fresh, Long Lasting Fragrance, Luxurious Softness, Easy Iron, Reduces Wrinkles, Reduces",N/A,was $8.95,$7.65,$3.82 per L,https://foodlandbalaklava.com.au//lines/cuddly-fab-sft-frsh-s-shine2lt
Foodland Balaklava,2025-05-04 23:55:14,Curash Fragrance Free Baby Wipes 80 Pack,N/A,was $5.80,$4.40,$5.50 Units100,https://foodlandbalaklava.com.au//lines/curash-wipes-frag-free-80s
Foodland Balaklava,2025-05-04 23:55:14,Curash Simply Water Baby Wipes 3 X 80 Pack,N/A,N/A,$18.50,$7.71 Units100,https://foodlandbalaklava.com.au//lines/curash-wipes-simply-wtr-3x80s
Foodland Balaklava,2025-05-04 23:55:14,Daily Juice Co Orange Pulp-Free,500mL,N/A,$3.50,$7.00 per L,https://foodlandbalaklava.com.au//lines/daily-jce-p-fr-orange-jce-500ml
Foodland Balaklava,2025-05-04 23:55:14,Dairy Farmers Banana Milk,600mL,was $3.90,$2.90,$4.83 per L,https://foodlandbalaklava.com.au//lines/d-farm-milk-clas-banana-600ml
Foodland Balaklava,2025-05-04 23:55:14,Dairy Farmers Thick & Creamy Yoghurt Lemon Cream,150g,was $2.75,$1.30,$0.87 per 100g,https://foodlandbalaklava.com.au//lines/d-farm-ygt-t-crmy-lmn-crm150gm
Foodland Balaklava,2025-05-04 23:55:15,Dairy Farmers Thick & Creamy Yoghurt Vanilla,600g,was $5.80,$5.15,$0.86 per 100g,https://foodlandbalaklava.com.au//lines/d-farm-ygt-t-crmy-vanilla600gm
Foodland Balaklava,2025-05-04 23:55:15,Daisy Chippers Potatoes,2kg,N/A,$3.99,$2.00 per kg,https://foodlandbalaklava.com.au//lines/potatoes-daisy-2kg-1
Foodland Balaklava,2025-05-04 23:55:15,Danone Activia Probiotics No Added Sugar Mixed Berries Yoghurt,4 x 125g,was $6.05,$4.00,$0.80 per 100g,https://foodlandbalaklava.com.au//lines/danone-ygt-activia-berry4x125g
Foodland Balaklava,2025-05-04 23:55:15,Dare Double Espresso Btl,500mL,N/A,$4.15,$8.30 per L,https://foodlandbalaklava.com.au//lines/dare-i-double-espresso-500ml
Foodland Balaklava,2025-05-04 23:55:15,Darrel Lea Orange Bullets,200g,was $6.30,$5.70,$2.19 per 100g,https://foodlandbalaklava.com.au//lines/darrell-lea-bullet-orng-dc200g
Foodland Balaklava,2025-05-04 23:55:15,Darrel Lea Raspberry Liquorice Chocolate Bullets,204g,was $6.30,$5.70,$2.79 per 100g,https://foodlandbalaklava.com.au//lines/darrell-lea-bullet-rbry-ml204g
Foodland Balaklava,2025-05-04 23:55:15,Darrell Lea Milk Chocolate Liquorice Block,180g,was $7.35,$6.55,$3.64 per 100g,https://foodlandbalaklava.com.au//lines/darrell-lea-blk-liquorce-180gm
Foodland Balaklava,2025-05-04 23:55:15,Darrell Lea Milk Chocolate Liquorice Bullets,204g,was $6.30,$5.70,$2.79 per 100g,https://foodlandbalaklava.com.au//lines/darrell-lea-bullet-m-choc204gm
Foodland Balaklava,2025-05-04 23:55:15,David Grays Antex Granules,500g,N/A,$9.00,$1.80 per 100g,https://foodlandbalaklava.com.au//lines/d-gray-antex-ant-granules500gm
Foodland Balaklava,2025-05-04 23:55:15,Deep Spring Natural Mineral Water Lemon Lime Citrus Multipack Mini Cans,6 x 250mL,was $10.50,$9.40,$6.27 per L,https://foodlandbalaklava.com.au//lines/d-spr-m-wtr-lmn-lm-cit-6x250ml
Foodland Balaklava,2025-05-04 23:55:15,Deep Spring Natural Mineral Water Orange & Mango Multipack Mini Cans,6 x 250mL,was $10.50,$9.40,$6.27 per L,https://foodlandbalaklava.com.au//lines/d-spr-m-wtr-org-mango-6x250ml
Foodland Balaklava,2025-05-04 23:55:15,Deep Spring Natural Mineral Water Orange & Passionfruit Multipack Mini Cans,6 x 250mL,was $10.50,$9.40,$6.27 per L,https://foodlandbalaklava.com.au//lines/d-spr-m-wtr-org-pass-6x250ml
Foodland Balaklava,2025-05-04 23:55:15,Defiance Plain Flour,1kg,was $3.60,$3.25,$3.25 per kg,https://foodlandbalaklava.com.au//lines/defiance-flour-plain-1kg
Foodland Balaklava,2025-05-04 23:55:15,Defiance Self Raising Flour,1kg,was $3.60,$3.25,$3.25 per kg,https://foodlandbalaklava.com.au//lines/defiance-flour-self-raising1kg
Foodland Balaklava,2025-05-04 23:55:15,"Delsey 1000 Toilet Tissue, 1 Roll 10cm",N/A,N/A,$1.85,$0.18 per 100 Sheets,https://foodlandbalaklava.com.au//lines/delsey-toilet-tissue-1000s
Foodland Balaklava,2025-05-04 23:55:15,Dettol Antibacterial Liquid Hand Wash Pump Raspberry,250mL,was $3.55,$2.75,$1.10 per 100mL,https://foodlandbalaklava.com.au//lines/dettol-liq-wash-rb-p-pmp-250ml
Foodland Balaklava,2025-05-04 23:55:15,"Dettol Multipurpose Disinfectant Wipes Lemon Burst Household Grade, 110 Pack",N/A,was $12.60,$11.10,$0.10 Each,https://foodlandbalaklava.com.au//lines/dettol-wipes-m-purp-lem-110s
Foodland Balaklava,2025-05-04 23:55:15,Dettol Odour Eliminator Washing Machine Cleaner,250mL,N/A,$8.40,$3.36 per 100mL,https://foodlandbalaklava.com.au//lines/dettol-clnr-w-mach-o-elim250ml
Foodland Balaklava,2025-05-04 23:55:15,Dettol Protect 24 Multipurpose Cleaner Ocean Fresh,500mL,N/A,$8.40,$1.68 per 100mL,https://foodlandbalaklava.com.au//lines/dettol-protect-24-ocean-500ml
Foodland Balaklava,2025-05-04 23:55:15,Devondale Butter,500g,N/A,$8.50,$1.70 per 100g,https://foodlandbalaklava.com.au//lines/d-dale-butter-500gm-1
Foodland Balaklava,2025-05-04 23:55:15,Devondale Cream Thick Long Life,250mL,was $3.80,$3.50,$1.40 per 100mL,https://foodlandbalaklava.com.au//lines/d-dale-cream-uht-250ml
Foodland Balaklava,2025-05-04 23:55:15,Dilmah Black Leaf Tea Premium,250g,was $7.90,$6.00,$2.40 per 100g,https://foodlandbalaklava.com.au//lines/dilmah-tea-ceylon-leaf-250gm
Foodland Balaklava,2025-05-04 23:55:15,Dine Creamy Treats Tuna & Prawn,4 x 12g,N/A,$4.20,$8.75 per 100g,https://foodlandbalaklava.com.au//lines/dine-crmy-treat-tn-prwn-4x12gm
Foodland Balaklava,2025-05-04 23:55:15,Dine Desire Grain Free Tuna Fillets & Prawn In Sauce Can,85g,N/A,$2.50,$2.94 per 100g,https://foodlandbalaklava.com.au//lines/dine-dsire-tna-prwn-s-sce-85gm
Foodland Balaklava,2025-05-04 23:55:15,Dishmatic Pro Handle,N/A,N/A,$5.80,N/A,https://foodlandbalaklava.com.au//lines/dishmatic-pro-handle
Foodland Balaklava,2025-05-04 23:55:15,Dole Pineapple Crushed In Juice Canned,432g,was $3.20,$2.50,$0.58 per 100g,https://foodlandbalaklava.com.au//lines/dole-crushed-in-jce-432gm
Foodland Balaklava,2025-05-04 23:55:15,Dolmio Creamy Tomato And Mozzarella Pasta Bake Sauce,495g,N/A,$4.00,$0.81 per 100g,https://foodlandbalaklava.com.au//lines/dolmio-pst-bke-cr-tom-moz495gm
Foodland Balaklava,2025-05-04 23:55:15,Dolmio Extra Four Cheese Pasta Sauce,500g,was $4.85,$4.10,$0.82 per 100g,https://foodlandbalaklava.com.au//lines/dolmio-pst-sce-four-chse-500gm
Foodland Balaklava,2025-05-04 23:55:15,Dolmio Extra Italian Herbs Pasta Sauce,500g,was $4.85,$4.10,$0.82 per 100g,https://foodlandbalaklava.com.au//lines/dolmio-pst-sce-ital-herb-500gm
Foodland Balaklava,2025-05-04 23:55:15,Dolmio Extra Red Wine & Italian Herbs Pasta Sauce,500g,was $4.85,$4.10,$0.82 per 100g,https://foodlandbalaklava.com.au//lines/dolmio-pst-sce-r-wine-hrb500gm
Foodland Balaklava,2025-05-04 23:55:15,Domestos Disinfectant Bleach Toilet Cleaner Mountain Fresh,1.25L,N/A,$6.60,$0.53 per 100mL,https://foodlandbalaklava.com.au//lines/domestos-clnr-disin-frsh-1-25l
Foodland Balaklava,2025-05-04 23:55:15,Don Honey Shaved Ham,400g,was $11.80,$9.30,$23.25 per kg,https://foodlandbalaklava.com.au//lines/don-ham-honey-400gm
Foodland Balaklava,2025-05-04 23:55:15,Don Traditional Kabana,200g,N/A,$6.30,$31.50 per kg,https://foodlandbalaklava.com.au//lines/don-kabanos-traditional-200gm
Foodland Balaklava,2025-05-04 23:55:15,Don® Danish Salami Thinly Sliced,160g,was $6.95,$5.00,$31.25 per kg,https://foodlandbalaklava.com.au//lines/don-salami-dan-mld-slcd-160gm
Foodland Balaklava,2025-05-04 23:55:15,Don® Deli Cuts Italian Salami Shaved,80g,N/A,$4.50,$56.25 per kg,https://foodlandbalaklava.com.au//lines/don-salami-italian-shved-80g
Foodland Balaklava,2025-05-04 23:55:15,Don® Donskis® Mild Salami Sticks,40g,was $3.15,$2.60,$65.00 per kg,https://foodlandbalaklava.com.au//lines/don-donskis-mild-twin-40gm
Foodland Balaklava,2025-05-04 23:55:15,Don® Donskis® Pork Crackle Sea Salt,50g,N/A,$3.15,$63.00 per kg,https://foodlandbalaklava.com.au//lines/don-prk-crckl-s-salt-50gm
Foodland Balaklava,2025-05-04 23:55:15,Doritos Xxl Corn Chips Smokehouse BBQ Share Pack,150g,was $5.00,$3.60,$2.40 per 100g,https://foodlandbalaklava.com.au//lines/doritos-c-chip-xxl-sm-bbq150gm
Foodland Balaklava,2025-05-04 23:55:15,Dorsogna Mini Champagne Leg Ham Portion,850g,N/A,$14.70,$17.29 per kg,https://foodlandbalaklava.com.au//lines/dors-ham-leg-prtn-chmpgn-850gm
Foodland Balaklava,2025-05-04 23:55:15,Dorsogna Tasty Sticks Mild,400g,N/A,$13.15,$32.88 per kg,https://foodlandbalaklava.com.au//lines/dors-tasty-sticks-400gm
Foodland Balaklava,2025-05-04 23:55:15,Dove Advanced Care Antiperspirant Deodorant For 72 Hours Of Protection Original Aerosol,250mL,N/A,$12.10,$4.84 per 100mL,https://foodlandbalaklava.com.au//lines/dove-deod-aero-adv-orig-250ml
Foodland Balaklava,2025-05-04 23:55:15,Dove Body Wash 24hr Nourishment Sensitive With ¼ Moisturising Cream,1L,N/A,$17.00,$1.70 per 100mL,https://foodlandbalaklava.com.au//lines/dove-body-wash-sensitive-1l
Foodland Balaklava,2025-05-04 23:55:15,Dove Men+​Care Invisible Antiperspirant Deodorant Invisible Fresh,50mL,N/A,$5.25,$10.50 per 100mL,https://foodlandbalaklava.com.au//lines/dove-deod-r-o-men-inv-frsh50ml
Foodland Balaklava,2025-05-04 23:55:15,Dove Summer Glow Gradual Self Tanner Body Lotion Sun-Kissed Skin From First Use Medium To Dark 24-Hour Nourishment For Moisturising Skin Care,250mL,N/A,$11.05,$4.42 per 100mL,https://foodlandbalaklava.com.au//lines/dove-body-ltn-smmr-dark-250ml
Foodland Balaklava,2025-05-04 23:55:15,Drumstick Caramel119ml 4pk,N/A,was $10.00,$9.20,$1.93 per 100mL,https://foodlandbalaklava.com.au//lines/peters-m-p-d-stk-caramel-4s
Foodland Balaklava,2025-05-04 23:55:15,"Duck Extra Power Toilet Shield, Gel Toilet Cleaner Ocean Burst",500mL,N/A,$6.30,$1.26 per 100mL,https://foodlandbalaklava.com.au//lines/duck-ext-pwr-shld-ocean-500ml
Foodland Balaklava,2025-05-04 23:55:15,Duck Fresh Discs Toilet Cleaner Citrus,36mL,N/A,$7.65,$21.25 per 100mL,https://foodlandbalaklava.com.au//lines/duck-fresh-discs-citrus-36ml
Foodland Balaklava,2025-05-04 23:55:15,"Duck Toilet Cleaner, Blue Plus In Cistern Original Blue",2 x 50g,N/A,$5.05,$5.05 per 100g,https://foodlandbalaklava.com.au//lines/duck-in-cistern-blue-2x50g
Foodland Balaklava,2025-05-04 23:55:16,Dulwich Sultana Cake,550g,was $8.35,$8.25,$1.50 per 100g,https://foodlandbalaklava.com.au//lines/dulwich-sultana-cake-550g
Foodland Balaklava,2025-05-04 23:55:16,Duracell Aa Batteries,N/A,was $16.30,$9.50,N/A,https://foodlandbalaklava.com.au//lines/duracell-batt-e-day-aa-10pk
Foodland Balaklava,2025-05-04 23:55:16,Duracell Coppertop Aa Alkaline Batteries 16 Pack 16pk,N/A,was $28.90,$19.50,$1.22 Each,https://foodlandbalaklava.com.au//lines/duracell-coppertop-aa-alkaline-batteries-16-pack-16pk
Foodland Balaklava,2025-05-04 23:55:16,Earth Choice Laundry Liquid Detergent Top & Front Loader Pure Clean,1L,N/A,$3.30,$3.30 per L,https://foodlandbalaklava.com.au//lines/earths-chce-laun-liq-1l
Foodland Balaklava,2025-05-04 23:55:16,Earth Choice Toilet Power Gel Wild Lavender,750mL,N/A,$3.80,$0.51 per 100mL,https://foodlandbalaklava.com.au//lines/earths-chce-t-clnr-lav-750ml
Foodland Balaklava,2025-05-04 23:55:16,Earth Choice Ultra Concentrate Dishwashing Liquid Green Tea & Lime,500mL,N/A,$3.70,$0.74 per 100mL,https://foodlandbalaklava.com.au//lines/earths-chce-d-wsh-tea-lim500ml
Foodland Balaklava,2025-05-04 23:55:16,Easy-Off Drain Bathroom Gel,1L,was $15.75,$14.00,$1.40 per 100mL,https://foodlandbalaklava.com.au//lines/easy-off-drn-clnr-turbo-gel-1l
Foodland Balaklava,2025-05-04 23:55:16,Edgell Baby Peas & Super Sweet Corn,420g,N/A,$2.65,$6.31 per kg,https://foodlandbalaklava.com.au//lines/edg-peas-baby-sup-swtcorn420gm
Foodland Balaklava,2025-05-04 23:55:16,Edgell Brown Lentils,400g,was $2.30,$1.95,$4.88 per kg,https://foodlandbalaklava.com.au//lines/edg-lentils-brown-400gm
Foodland Balaklava,2025-05-04 23:55:16,Edgell Diced Capsicum,125g,N/A,$1.70,$13.60 per kg,https://foodlandbalaklava.com.au//lines/edg-capsicum-diced-125gm
Foodland Balaklava,2025-05-04 23:55:16,Edgell No Added Salt Corn,420g,was $2.30,$1.95,$4.64 per kg,https://foodlandbalaklava.com.au//lines/edg-corn-kernel-n-salt-420gm
Foodland Balaklava,2025-05-04 23:55:16,Edgell Sweet Sliced Beetroot,425g,N/A,$2.95,$6.94 per kg,https://foodlandbalaklava.com.au//lines/edg-beetroot-sliced-swt-425gm
Foodland Balaklava,2025-05-04 23:55:16,Eggplant Per Kg,N/A,N/A,$3.00,$7.50 per kg,https://foodlandbalaklava.com.au//lines/eggplant-per-kg
Foodland Balaklava,2025-05-04 23:55:16,Elastoplast Medium Weight Crepe Bandage Unstretched 7.​5cm X,1.6m,N/A,$9.50,$0.59 per cm,https://foodlandbalaklava.com.au//lines/e-plast-bndge-crep-7-5cmx1-6m
Foodland Balaklava,2025-05-04 23:55:16,Energizer Max Battery Aa 10,N/A,was $19.95,$15.00,$1.50 Each,https://foodlandbalaklava.com.au//lines/energizer-max-aa-e91-10pk
Foodland Balaklava,2025-05-04 23:55:16,Energizer Max Battery Aa 16,N/A,was $28.90,$20.75,$1.30 Each,https://foodlandbalaklava.com.au//lines/energizer-max-aa-16pk-1
Foodland Balaklava,2025-05-04 23:55:16,Energizer Max Battery Aaa 14,N/A,N/A,$27.50,$1.96 Each,https://foodlandbalaklava.com.au//lines/energizer-max-batt-aaa-14pk
Foodland Balaklava,2025-05-04 23:55:16,Eta 5 Star Margarine Table Spread,500g,was $3.70,$3.00,$0.60 per 100g,https://foodlandbalaklava.com.au//lines/eta-5-star-table-spread-500gm
Foodland Balaklava,2025-05-04 23:55:16,Eveready Aaa24 Super Heavy Duty Family Value Pack,N/A,N/A,$21.00,$0.88 Each,https://foodlandbalaklava.com.au//lines/eveready-black-shd-aaa-24pk
Foodland Balaklava,2025-05-04 23:55:16,Eveready Battery Heavy Duty Aaa 4pk,N/A,N/A,$3.75,$0.94 Each,https://foodlandbalaklava.com.au//lines/eveready-batt-h-dty-aaa-4s
Foodland Balaklava,2025-05-04 23:55:16,Ex Large Sandwich Roll,N/A,N/A,$1.49,N/A,https://foodlandbalaklava.com.au//lines/ex-large-sandwich-roll
Foodland Balaklava,2025-05-04 23:55:16,Extra Peppermint Sugar Free Chewing Gum Bottle,64g,was $5.25,$4.70,$7.34 per 100g,https://foodlandbalaklava.com.au//lines/wrig-extra-p-mint-plt-btl-46s
Foodland Balaklava,2025-05-04 23:55:16,Extra Spearmint Sugar Free Chewing Gum 14 Pieces,27g,was $2.65,$2.55,$9.44 per 100g,https://foodlandbalaklava.com.au//lines/wrig-extra-env-sprmint-sngl
Foodland Balaklava,2025-05-04 23:55:16,Extra White Spearmint Sugar Free Chewing Gum Bottle,64g,was $5.25,$4.70,$7.34 per 100g,https://foodlandbalaklava.com.au//lines/wrig-extra-wht-s-mnt-btl-64gm
Foodland Balaklava,2025-05-04 23:55:16,F/​Choice Pp Herb Rosemary,15g,N/A,$3.29,$2.19 per 10g,https://foodlandbalaklava.com.au//lines/f-choice-pp-herb-rosemary-30g
Foodland Balaklava,2025-05-04 23:55:16,F/​Country Burger Angus Rw,N/A,N/A,$10.00,$19.99 per kg,https://foodlandbalaklava.com.au//lines/free-country-angus-beef-burgers-1
Foodland Balaklava,2025-05-04 23:55:16,F/​Land Dip Frnch On,200g,was $3.55,$2.95,$1.48 per 100g,https://foodlandbalaklava.com.au//lines/f-land-dip-fr-onion-200gm-1
Foodland Balaklava,2025-05-04 23:55:16,F/​Land Honey Aus Bl/​Gum,370g,was $7.00,$6.30,$1.70 per 100g,https://foodlandbalaklava.com.au//lines/f-land-honey-aus-bl-gum-370gm
Foodland Balaklava,2025-05-04 23:55:16,Fairy Platinum Lemon,N/A,was $48.30,$27.50,$0.53 Each,https://foodlandbalaklava.com.au//lines/fairy-d-wsh-tab-plat-lmn-52pk
Foodland Balaklava,2025-05-04 23:55:16,Fairy Platinum Plus 30 Minute Miracle Lemon,N/A,N/A,$48.30,$1.15 Each,https://foodlandbalaklava.com.au//lines/fairy-d-wsh-tab-plat-expt-42pk
Foodland Balaklava,2025-05-04 23:55:16,Fancy Feast Adult Royale Fine Flakes Of Tuna Wet Cat Food,85g,N/A,$2.85,$3.35 per 100g,https://foodlandbalaklava.com.au//lines/friskies-fst-roy-fine-fltun85g
Foodland Balaklava,2025-05-04 23:55:16,Fancy Feast Adult Royale Virgin Flaked Tuna Wet Cat Food,85g,N/A,$2.85,$3.35 per 100g,https://foodlandbalaklava.com.au//lines/friskies-fst-roy-v-flk-tun-85g
Foodland Balaklava,2025-05-04 23:55:16,Fancy Feast Gravy Lovers Beef Feast In Roasted Beef Flavour Gravy Wet Cat Food Can,85g,was $2.00,$1.60,$1.88 per 100g,https://foodlandbalaklava.com.au//lines/purina-f-fst-grvlvrs-beef-85g
Foodland Balaklava,2025-05-04 23:55:16,Fancy Feast Gravy Lovers Salmon Feast In Seared Salmon Flavour Gravy Wet Cat Food Can,85g,was $2.00,$1.60,$1.88 per 100g,https://foodlandbalaklava.com.au//lines/purina-f-fst-grvlvrs-salm-85g
Foodland Balaklava,2025-05-04 23:55:16,Fancy Feast Grilled Ocean Whitefish & Tuna Feast In Gravy Wet Cat Food Can,85g,was $2.00,$1.60,$1.88 per 100g,https://foodlandbalaklava.com.au//lines/purina-f-fst-gril-wfsh-tna85gm
Foodland Balaklava,2025-05-04 23:55:16,Fancy Feast Grilled Tuna Feast In Gravy Wet Cat Food Can,85g,was $2.00,$1.60,$1.88 per 100g,https://foodlandbalaklava.com.au//lines/purina-f-fst-gril-tuna-85g
Foodland Balaklava,2025-05-04 23:55:16,Fanta Orange Soft Drink Multipack Cans,10 x 375mL,was $21.00,$12.00,$3.20 per L,https://foodlandbalaklava.com.au//lines/fanta-orange-can-10x375ml
Foodland Balaklava,2025-05-04 23:55:16,Fanta Orange Soft Drink Multipack Mini Cans,6 x 250mL,was $10.50,$6.70,$4.47 per L,https://foodlandbalaklava.com.au//lines/fanta-orange-can-6x250ml
Foodland Balaklava,2025-05-04 23:55:16,Fantastic Bowl Noodles Chicken,85g,N/A,$2.65,$3.12 per 100g,https://foodlandbalaklava.com.au//lines/fantastic-bowl-ndl-chic-85gm
Foodland Balaklava,2025-05-04 23:55:16,Fantastic Cheese Rice Cracker,100g,N/A,$2.50,$2.50 per 100g,https://foodlandbalaklava.com.au//lines/fantastic-rcrkr-chse-100gm-1
Foodland Balaklava,2025-05-04 23:55:16,Fantastic Cup Noodles Beef,6 x 70g,N/A,$9.40,$2.24 per 100g,https://foodlandbalaklava.com.au//lines/fantastic-cup-ndl-beef-6x70gm
Foodland Balaklava,2025-05-04 23:55:16,Fantastic Delites Sea Salt & Balsamic Vinegar,100g,was $2.95,$1.40,$1.40 per 100g,https://foodlandbalaklava.com.au//lines/fantastic-dlte-s-salt-bal100gm
Foodland Balaklava,2025-05-04 23:55:16,Fantastic Delites Sweet Chilli & Sour Cream,100g,was $2.95,$1.40,$1.40 per 100g,https://foodlandbalaklava.com.au//lines/fantastic-dlte-s-chl-scrm100gm
Foodland Balaklava,2025-05-04 23:55:16,Fantastic Delites Vintage Cheddar & Red Onion,100g,was $2.95,$1.40,$1.40 per 100g,https://foodlandbalaklava.com.au//lines/fantastic-dlte-ched-rd-on100gm
Foodland Balaklava,2025-05-04 23:55:16,Fantastic Fresh Noodles Singapore,350g,was $3.35,$3.10,$0.89 per 100g,https://foodlandbalaklava.com.au//lines/fantas-frs-ndl-singapore-350gm
Foodland Balaklava,2025-05-04 23:55:16,Fantastic Rice Squares Gluten-Free Rice Crackers Lightly Salted,100g,was $3.05,$2.60,$2.60 per 100g,https://foodlandbalaklava.com.au//lines/fantastic-r-sqr-lt-slt-100g
Foodland Balaklava,2025-05-04 23:55:16,Farmers Union Greek Style Yogurt,4 x 160g,N/A,$6.30,$0.98 per 100g,https://foodlandbalaklava.com.au//lines/farm-union-ygt-greek-4x160gm
Foodland Balaklava,2025-05-04 23:55:16,Farmers Union Greek Style Yogurt Pouch Mango With Probiotics,130g,N/A,$2.20,$1.69 per 100g,https://foodlandbalaklava.com.au//lines/f-union-ygt-grk-pch-mngo-130gm
Foodland Balaklava,2025-05-04 23:55:17,Farmers Union Greek Style Yogurt Pouch Passionfruit With Probiotics,130g,N/A,$2.20,$1.69 per 100g,https://foodlandbalaklava.com.au//lines/f-union-ygt-grk-pch-pfrt-130gm
Foodland Balaklava,2025-05-04 23:55:17,Farmers Union Greek Style Yogurt Pouch Strawberry With Probiotics,130g,N/A,$2.20,$1.69 per 100g,https://foodlandbalaklava.com.au//lines/f-union-ygt-grk-pch-sbrry130gm
Foodland Balaklava,2025-05-04 23:55:17,Fc Pork Belly Portion R/​On Rw,N/A,N/A,$15.99,$19.99 per kg,https://foodlandbalaklava.com.au//lines/fc-pork-belly-portion-r-on-rw-3
Foodland Balaklava,2025-05-04 23:55:17,Felight Cat Litter Scoop 1pk,N/A,N/A,$3.29,N/A,https://foodlandbalaklava.com.au//lines/felight-cat-litter-scoop-1pk
Foodland Balaklava,2025-05-04 23:55:17,Felix Adult Sensations®​ Jellies Favourites Menu Wet Cat Food,12 x 85g,was $15.25,$9.00,$0.88 per 100g,https://foodlandbalaklava.com.au//lines/purina-felix-j-sen-fav12x85gm
Foodland Balaklava,2025-05-04 23:55:17,Felix Adult Sensations®​ Sauces Meat Selection Wet Cat Food,12 x 85g,was $15.25,$9.00,$0.88 per 100g,https://foodlandbalaklava.com.au//lines/purina-felix-snst-meat-12x85gm
Foodland Balaklava,2025-05-04 23:55:17,"Ferrero Collection, Assortment Of Ferrero Rocher, Raffaello And Rondnoir Chocolate Gift Box 15 Pieces (​)",172g,was $18.90,$16.90,$9.83 per 100g,https://foodlandbalaklava.com.au//lines/ferrero-collection-t15-172gm
Foodland Balaklava,2025-05-04 23:55:17,Ferrero Rocher Chocolate 3 Pieces (​),37.5g,was $2.95,$2.50,$6.76 per 100g,https://foodlandbalaklava.com.au//lines/fero-rocher-choc-t3-37-5gm
Foodland Balaklava,2025-05-04 23:55:17,Ferrero Rocher Chocolate Gift Box 16 Pieces (​200g),200g,was $18.90,$16.90,$8.45 per 100g,https://foodlandbalaklava.com.au//lines/fero-rocher-gift-box-t16-200gm
Foodland Balaklava,2025-05-04 23:55:17,Fifya Vegan Guacamole,250g,was $7.40,$6.65,$2.66 per 100g,https://foodlandbalaklava.com.au//lines/fifya-guacamole-dip-250g
Foodland Balaklava,2025-05-04 23:55:17,Flora Proactiv Cholesterol Lowering Spread Original,750g,N/A,$12.00,$1.60 per 100g,https://foodlandbalaklava.com.au//lines/flora-sprd-pr-activ-750gm-1
Foodland Balaklava,2025-05-04 23:55:17,Flora Spread Salt Reduced,500g,was $5.50,$4.70,$0.94 per 100g,https://foodlandbalaklava.com.au//lines/flora-sprd-s-r-500gm
Foodland Balaklava,2025-05-04 23:55:17,Foodland Bun Cinnamon 4pk,N/A,was $6.79,$6.50,$1.81 per 100g,https://foodlandbalaklava.com.au//lines/f-land-bun-cinnamon-4pk
Foodland Balaklava,2025-05-04 23:55:17,Foodland Cafe Style Bread,700g,was $3.40,$3.30,$0.47 per 100g,https://foodlandbalaklava.com.au//lines/f-land-brd-cafe-toast-wht-700gm
Foodland Balaklava,2025-05-04 23:55:17,Foodland Finger Bun,420g,was $5.79,$5.50,$1.31 per 100g,https://foodlandbalaklava.com.au//lines/f-land-finger-bun-420gm
Foodland Balaklava,2025-05-04 23:55:17,Foster Clark's® Custard Powder Vanilla Flavoured,350g,N/A,$2.90,$0.83 per 100g,https://foodlandbalaklava.com.au//lines/f-clark-custard-powder-350gm
Foodland Balaklava,2025-05-04 23:55:17,Fountain® Plum Sauce,250mL,N/A,$4.00,$1.60 per 100mL,https://foodlandbalaklava.com.au//lines/fount-sce-plum-250ml
Foodland Balaklava,2025-05-04 23:55:17,Four 'N Twenty Classic Meat Pies,4 x 700g,N/A,$9.00,$1.29 per 100g,https://foodlandbalaklava.com.au//lines/4-n-20-pie-meat-4s-700gm
Foodland Balaklava,2025-05-04 23:55:17,Four 'N Twenty Loaded! BBQ Meat Lovers Filled Roll,160g,was $4.20,$3.10,$1.94 per 100g,https://foodlandbalaklava.com.au//lines/4-n-20-roll-k-sz-saus-160gm
Foodland Balaklava,2025-05-04 23:55:17,Four'n Twenty Kwik'n Krispy Beef Microwave Pie,160g,was $4.75,$3.10,$1.94 per 100g,https://foodlandbalaklava.com.au//lines/4-n-20-pie-travl-bf-160gm
Foodland Balaklava,2025-05-04 23:55:17,Four'n Twenty Snack Pack 24 Pack,N/A,N/A,$14.00,$1.27 per 100g,https://foodlandbalaklava.com.au//lines/4-n-20-snk-pack-24s-1-1kg
Foodland Balaklava,2025-05-04 23:55:17,Fresh Pizza Small BBQ Chicken,N/A,N/A,$5.99,N/A,https://foodlandbalaklava.com.au//lines/fresh-pizza-small-bbq-chicken
Foodland Balaklava,2025-05-04 23:55:17,Fryars Kangaroo Island Pastured Free Range Eggs,800g,N/A,$10.50,$13.12 per kg,https://foodlandbalaklava.com.au//lines/ki-free-range-eggs-800g
Foodland Balaklava,2025-05-04 23:55:17,Fussy Cat™ Twice As Tasty™ Slices & Jelly Fishy,12 x 80g,was $14.20,$11.00,$1.15 per 100g,https://foodlandbalaklava.com.au//lines/fussy-cat-slice-fish-12-x-80g
Foodland Balaklava,2025-05-04 23:55:17,G Fresh Celery Salt,190g,N/A,$4.20,$0.47 per 10g,https://foodlandbalaklava.com.au//lines/gfresh-celery-salt-190gm
Foodland Balaklava,2025-05-04 23:55:17,G-Fresh Pineapple Slices In Natural Juice,440g,N/A,$3.19,$0.72 per 100g,https://foodlandbalaklava.com.au//lines/gfresh-pineapple-slices-440g
Foodland Balaklava,2025-05-04 23:55:17,G/​North I/​Crm Chocolate,2L,N/A,$10.50,$0.52 per 100mL,https://foodlandbalaklava.com.au//lines/g-north-i-crm-chocolate-2l
Foodland Balaklava,2025-05-04 23:55:17,Gardener Gherkin Rounds,550g,N/A,$4.75,$8.64 per kg,https://foodlandbalaklava.com.au//lines/gard-gherkin-rounds-550gm
Foodland Balaklava,2025-05-04 23:55:17,Gatorade G Active Electrolyte Water Sports Drink Berry Bottle,600mL,was $4.40,$2.20,$3.67 per L,https://foodlandbalaklava.com.au//lines/gatorade-g-activ-berry-600ml
Foodland Balaklava,2025-05-04 23:55:17,Gawler South Bakery Apricot Fruit Plait,480g,N/A,$6.99,$1.46 per 100g,https://foodlandbalaklava.com.au//lines/gsb-apricot-fruit-plait-480g
Foodland Balaklava,2025-05-04 23:55:17,Gawler South Bakery Finger Bun,140g,N/A,$2.80,$2.00 per 100g,https://foodlandbalaklava.com.au//lines/gsb-finger-bun-140g
Foodland Balaklava,2025-05-04 23:55:17,Gawler South Bakery Vanilla 9inch Sponge Cake,N/A,N/A,$11.00,N/A,https://foodlandbalaklava.com.au//lines/gsb-vanilla-sponge-cake-9-inch
Foodland Balaklava,2025-05-04 23:55:17,Gfresh Bay Leaves,10g,N/A,$4.20,$0.47 per 10g,https://foodlandbalaklava.com.au//lines/gfresh-bay-leaves-10gm
Foodland Balaklava,2025-05-04 23:55:17,Gfresh Cinnamon Cassia Grnd,80g,N/A,$4.20,$0.52 per 10g,https://foodlandbalaklava.com.au//lines/gfresh-cinnamon-cassia-ground-90gm
Foodland Balaklava,2025-05-04 23:55:17,Gfresh Garlic Granules,130g,N/A,$4.20,$0.47 per 10g,https://foodlandbalaklava.com.au//lines/gfresh-garlic-granules-130gm
Foodland Balaklava,2025-05-04 23:55:17,Gfresh Herb & Garlic Seasoning,80g,N/A,$4.20,$0.47 per 10g,https://foodlandbalaklava.com.au//lines/gfresh-herb-and-garlic-80gm
Foodland Balaklava,2025-05-04 23:55:17,Gfresh Mixed Herbs,35g,N/A,$4.20,$0.47 per 10g,https://foodlandbalaklava.com.au//lines/gfresh-mixed-herbs-35gm
Foodland Balaklava,2025-05-04 23:55:17,Gfresh Onion Flakes,80g,N/A,$4.20,$0.47 per 10g,https://foodlandbalaklava.com.au//lines/gfresh-onion-flakes-80gm
Foodland Balaklava,2025-05-04 23:55:17,Gfresh Onion Salt,190g,N/A,$4.20,$0.47 per 10g,https://foodlandbalaklava.com.au//lines/gfresh-onion-salt-190gm
Foodland Balaklava,2025-05-04 23:55:17,Gfresh Rosemary Leaves,50g,N/A,$4.20,$0.47 per 10g,https://foodlandbalaklava.com.au//lines/gfresh-rosemary-leaves-50gm
Foodland Balaklava,2025-05-04 23:55:17,Gfresh Tumeric Ground,100g,N/A,$4.20,$0.47 per 10g,https://foodlandbalaklava.com.au//lines/gfresh-tumeric-ground-100gm
Foodland Balaklava,2025-05-04 23:55:17,Gillette Shaving Foam Sensitive Skin,250g,N/A,$6.85,$2.74 per 100g,https://foodlandbalaklava.com.au//lines/gill-shave-crm-foamy-sens250gm
Foodland Balaklava,2025-05-04 23:55:17,Gippsland Dairy Lemon Curd Twist Yogurt,700g,N/A,$7.90,$1.13 per 100g,https://foodlandbalaklava.com.au//lines/gippsland-twist-lemon-curd-700g
Foodland Balaklava,2025-05-04 23:55:17,Glad Bake & Cooking Paper,18m,N/A,$6.15,$0.34 per cm,https://foodlandbalaklava.com.au//lines/glad-bake-cook-paper-30cmx18m
Foodland Balaklava,2025-05-04 23:55:17,Glad Bake & Cooking Paper cm 30cm,30 x 40m,N/A,$8.95,$0.22 per cm,https://foodlandbalaklava.com.au//lines/glad-bake-cook-paper-40m
Foodland Balaklava,2025-05-04 23:55:17,Glad Oven Bag Large 4pk 4pk,N/A,N/A,$2.90,$0.72 Each,https://foodlandbalaklava.com.au//lines/glad-oven-bag-large-4pk
Foodland Balaklava,2025-05-04 23:55:17,Glad Snap Lock Sandwich Bags 50pk 50pk,N/A,N/A,$4.20,$0.08 Each,https://foodlandbalaklava.com.au//lines/glad-bag-s-lock-sandwich-50s
Foodland Balaklava,2025-05-04 23:55:17,Glad Wavetop Tie Bags X-Large 20pk 20pk,N/A,was $4.75,$3.90,$0.20 Each,https://foodlandbalaklava.com.au//lines/glad-k-tidy-bag-wtop-xlrg-20s
Foodland Balaklava,2025-05-04 23:55:18,Glad Wavetop Tie Garbage Bag Xl 30 Pack,N/A,N/A,$9.45,$0.32 Each,https://foodlandbalaklava.com.au//lines/glad-bag-m-purp-wtop-rl-30s
Foodland Balaklava,2025-05-04 23:55:18,"Glade Aromatherapy Reed Diffuser With Essential Oils Moment Of Zen:​Lavender & Sandalwood Fragrance,",80mL,was $16.00,$11.20,$14.00 per 100mL,https://foodlandbalaklava.com.au//lines/glade-reed-lav-sndlwood-80ml
Foodland Balaklava,2025-05-04 23:55:18,Glen 20 Spray Disinfectant All-In-One Country Scent,300g,was $10.00,$6.65,$2.22 per 100g,https://foodlandbalaklava.com.au//lines/glen-20-country-scent-300gm
Foodland Balaklava,2025-05-04 23:55:18,Glen 20 Spray Disinfectant All-In-One Original,175g,N/A,$6.00,$3.43 per 100g,https://foodlandbalaklava.com.au//lines/glen-20-original-175gm
Foodland Balaklava,2025-05-04 23:55:18,Glen 20 Spray Disinfectant All-In-One Original Value Pack,2 x 300g,N/A,$13.65,$2.28 per 100g,https://foodlandbalaklava.com.au//lines/glen-20-original-2x300gm
Foodland Balaklava,2025-05-04 23:55:18,Glico Pocky Cookies & Cream Biscuits Stick,47g,N/A,$2.30,$5.75 per 100g,https://foodlandbalaklava.com.au//lines/glico-pocky-bisc-stk-ck-cr40gm
Foodland Balaklava,2025-05-04 23:55:18,Global Seafoods Cooked & Peeled Prawns,300g,was $12.60,$8.90,$29.67 per kg,https://foodlandbalaklava.com.au//lines/prawns-cooked-peeled-300gm
Foodland Balaklava,2025-05-04 23:55:18,Global Seafoods Seafood Salad Mi,500g,was $6.30,$5.90,$11.80 per kg,https://foodlandbalaklava.com.au//lines/seafood-salad-mix-500gm-2
Foodland Balaklava,2025-05-04 23:55:18,Global Seafoods Tas Salmon Skin On 2pc,280g,was $22.15,$19.65,$70.18 per kg,https://foodlandbalaklava.com.au//lines/global-tasmanian-salmon-skin-on-2pc-280g
Foodland Balaklava,2025-05-04 23:55:18,Golden Bakery 8 Pikelets,200g,was $4.50,$3.00,$1.50 per 100g,https://foodlandbalaklava.com.au//lines/golden-pikelets-pk8
Foodland Balaklava,2025-05-04 23:55:18,Golden Circle® Apple Blackcurrant Fruit Drink,6 x 250mL,was $5.10,$4.50,$3.00 per L,https://foodlandbalaklava.com.au//lines/g-circ-drk-apl-blkcrnt-6x250ml
Foodland Balaklava,2025-05-04 23:55:18,Golden Circle® Apple Juice,3L,was $6.10,$5.00,$1.67 per L,https://foodlandbalaklava.com.au//lines/g-circ-jce-l-l-apple-pet-3l
Foodland Balaklava,2025-05-04 23:55:18,Golden Circle® Apricot Nectar,1L,N/A,$3.80,$3.80 per L,https://foodlandbalaklava.com.au//lines/g-circ-nectar-apricot-1l
Foodland Balaklava,2025-05-04 23:55:18,Golden Circle® Golden Pash Cordial,2L,was $5.80,$4.50,$2.25 per L,https://foodlandbalaklava.com.au//lines/g-circ-cord-golden-pash-2l
Foodland Balaklava,2025-05-04 23:55:18,Golden Circle® Pine Coconut Flavoured Fruit Drink,1L,N/A,$2.85,$2.85 per L,https://foodlandbalaklava.com.au//lines/g-circ-drk-pine-coconut-1l
Foodland Balaklava,2025-05-04 23:55:18,Golden Circle® Sunshine Punch Fruit Drink,1L,N/A,$2.85,$2.85 per L,https://foodlandbalaklava.com.au//lines/g-circ-drk-sun-punch-tet-1l
Foodland Balaklava,2025-05-04 23:55:18,Golden North Giant Twins Honey Multipack,5 x 150mL,was $10.00,$8.65,$1.15 per 100g,https://foodlandbalaklava.com.au//lines/g-north-twn-hney-multi-5x150ml
Foodland Balaklava,2025-05-04 23:55:18,Golden North Gluten Free Country Style Vanilla Ice Cream,2L,N/A,$10.50,$0.52 per 100mL,https://foodlandbalaklava.com.au//lines/g-north-i-crm-nut-free-2l
Foodland Balaklava,2025-05-04 23:55:18,Golden North Sea Salted Caramel Ice Cream,2L,N/A,$10.50,$0.52 per 100mL,https://foodlandbalaklava.com.au//lines/g-north-i-crm-slt-caramel-2l
Foodland Balaklava,2025-05-04 23:55:18,Golden North Twins Iced Coffee Ice Cream,5 x 150mL,was $10.00,$8.65,$1.15 per 100mL,https://foodlandbalaklava.com.au//lines/g-north-m-p-twn-i-coff-5x150gm
Foodland Balaklava,2025-05-04 23:55:18,Gourmet Garden Parsley Lightly Dried,8g,N/A,$4.70,N/A,https://foodlandbalaklava.com.au//lines/g-g-l-d-parsley-8g
Foodland Balaklava,2025-05-04 23:55:18,Gowell Wrap Gluten Free,360g,N/A,$9.00,$2.50 per 100g,https://foodlandbalaklava.com.au//lines/gowell-wrap-gluten-free-360gm
Foodland Balaklava,2025-05-04 23:55:18,Gravox® Brown Onion Gravy Mix,120g,was $5.25,$4.00,$0.33 per 10g,https://foodlandbalaklava.com.au//lines/gravox-grvy-can-brn-onion120gm
Foodland Balaklava,2025-05-04 23:55:18,Gravox® Traditional Liquid Gravy Pouch,165g,was $3.70,$2.80,$1.70 per 100g,https://foodlandbalaklava.com.au//lines/gravox-grvy-lqd-trad-165gm
Foodland Balaklava,2025-05-04 23:55:18,Green's Chocolate Brownie Mix,380g,N/A,$4.00,$1.05 per 100g,https://foodlandbalaklava.com.au//lines/greens-brownie-choc-380gm
Foodland Balaklava,2025-05-04 23:55:18,Green's Traditional Golden Butter Cake Mix,440g,N/A,$4.00,$0.91 per 100g,https://foodlandbalaklava.com.au//lines/greens-c-mix-trad-btr-cke440gm
Foodland Balaklava,2025-05-04 23:55:18,Grinders Crema Coffee Beans,1kg,was $42.00,$32.95,$3.30 per 100g,https://foodlandbalaklava.com.au//lines/grinders-coff-bn-crema-fto-1kg
Foodland Balaklava,2025-05-04 23:55:18,Gsb Carrot Cake,600g,N/A,$8.59,$1.43 per 100g,https://foodlandbalaklava.com.au//lines/gsb-carrot-cake-600gm
Foodland Balaklava,2025-05-04 23:55:18,Gsb Cobb Loaf Unsliced,N/A,N/A,$4.99,N/A,https://foodlandbalaklava.com.au//lines/gsb-cobb-loaf-unsliced
Foodland Balaklava,2025-05-04 23:55:18,Halls Fruita,1L,N/A,$4.20,$4.20 per L,https://foodlandbalaklava.com.au//lines/halls-fruita-1l
Foodland Balaklava,2025-05-04 23:55:18,Happy Muffin Co Apple/​cinn 4pk,N/A,N/A,$5.45,$1.30 per 100g,https://foodlandbalaklava.com.au//lines/happy-muffin-co-apple-cinnamon-4pk
Foodland Balaklava,2025-05-04 23:55:18,Heinz Beanz® Caramelised Onion Flavour,300g,was $3.05,$1.75,$0.58 per 100g,https://foodlandbalaklava.com.au//lines/hnz-baked-beans-crml-on-300g
Foodland Balaklava,2025-05-04 23:55:18,Heinz Beanz® The One For All Baked Beans In Tomato Sauce,555g,was $3.80,$2.90,$0.52 per 100g,https://foodlandbalaklava.com.au//lines/hnz-baked-beans-t-sce-555gm
Foodland Balaklava,2025-05-04 23:55:18,Heinz Soup Of The Day® Buttercup Pumpkin & Veg,430g,was $4.75,$4.15,$0.97 per 100g,https://foodlandbalaklava.com.au//lines/hnz-soup-sotd-pumpkin-430gm
Foodland Balaklava,2025-05-04 23:55:18,Heinz Spaghetti Tomato Sauce,300g,was $3.05,$1.75,$0.58 per 100g,https://foodlandbalaklava.com.au//lines/hnz-spaghetti-tom-chse-300gm
Foodland Balaklava,2025-05-04 23:55:18,Heinz® Big'n Chunky Butter Chicken Soup,535g,was $4.60,$2.20,$0.41 per 100g,https://foodlandbalaklava.com.au//lines/hnz-soup-chky-butt-chkn-535gm
Foodland Balaklava,2025-05-04 23:55:18,Heinz® Classic Creamy Tomato Soup,535g,was $4.60,$2.20,$0.41 per 100g,https://foodlandbalaklava.com.au//lines/hnz-soup-cls-crmy-tomato-535gm
Foodland Balaklava,2025-05-04 23:55:18,Heinz® Creamy Tomato Soup For One,300g,N/A,$2.40,$0.80 per 100g,https://foodlandbalaklava.com.au//lines/hnz-soup-4one-crmy-tom-300gm
Foodland Balaklava,2025-05-04 23:55:18,Heinz® Little Treats Strawberry Vanilla Custard + Months,120g,N/A,$1.60,$1.33 per 100g,https://foodlandbalaklava.com.au//lines/hnz-s-bry-van-cust-sp-120gm
Foodland Balaklava,2025-05-04 23:55:18,Heinz® Spaghetti The One For All,535g,was $3.80,$2.90,$0.54 per 100g,https://foodlandbalaklava.com.au//lines/hnz-spaghetti-tom-sce-535gm
Foodland Balaklava,2025-05-04 23:55:18,Heinz® Spaghetti The One For Two Extra Cheesy,300g,was $3.05,$1.75,$0.58 per 100g,https://foodlandbalaklava.com.au//lines/hnz-spaghetti-xtra-chse-300gm
Foodland Balaklava,2025-05-04 23:55:18,Heinz® Special Burger Sauce Simply Original,295mL,was $4.20,$3.50,$1.19 per 100mL,https://foodlandbalaklava.com.au//lines/hnz-sce-burger-orginal-295ml
Foodland Balaklava,2025-05-04 23:55:18,Heinz® [​Seriously] Good® Tartare,295mL,was $5.80,$5.20,$1.76 per 100mL,https://foodlandbalaklava.com.au//lines/hnz-mayo-sg-tartare-sqzy-295ml
Foodland Balaklava,2025-05-04 23:55:18,Heinz® [​Seriously] Good™ Garlic Lovers Aioli Mayonniase,295mL,was $5.80,$5.20,$1.76 per 100mL,https://foodlandbalaklava.com.au//lines/hnz-mayo-sg-aioli-garl-295ml
Foodland Balaklava,2025-05-04 23:55:18,Helga's Traditional Sourdough Loaf Sliced Bread,650g,was $6.55,$5.00,$0.77 per 100g,https://foodlandbalaklava.com.au//lines/helga-brd-sourdough-650gm
Foodland Balaklava,2025-05-04 23:55:18,Helga's Wraps Spinach & Herb,445g,N/A,$5.50,$1.24 per 100g,https://foodlandbalaklava.com.au//lines/helga-wrap-spin-herb-445gm
Foodland Balaklava,2025-05-04 23:55:18,Hellmann's Garlic Aioli Perfect For Sandwiches And Wraps Squeeze Whole Egg Mayo,252g,was $6.30,$3.10,$1.23 per 100g,https://foodlandbalaklava.com.au//lines/h-manns-aioli-garlic-252gm
Foodland Balaklava,2025-05-04 23:55:18,Hello Kitty Perfume Body Mist Bubblegum,75g,N/A,$5.75,$7.67 per 100g,https://foodlandbalaklava.com.au//lines/hello-kitty-deo-bublgum-75gm
Foodland Balaklava,2025-05-04 23:55:19,Herbert Adams Four'n Twenty Red Rooster Chicken & Gravy Pie,4 x 700g,N/A,$9.00,$1.29 per 100g,https://foodlandbalaklava.com.au//lines/4-n-20-pie-rr-chic-grv-4s700gm
Foodland Balaklava,2025-05-04 23:55:19,Hercules Click Zip Swich Bags 100pk,N/A,was $5.00,$4.10,$0.04 Each,https://foodlandbalaklava.com.au//lines/hercules-click-zip-swich-bags-100pk
Foodland Balaklava,2025-05-04 23:55:19,Hercules Large Storage Bags 15,N/A,was $3.10,$2.70,$0.18 Each,https://foodlandbalaklava.com.au//lines/hercules-lge-storage-bags-15pk
Foodland Balaklava,2025-05-04 23:55:19,Hi Fresh Crunchy Asian Salad Kit,400g,N/A,$5.29,$1.43 per 100g,https://foodlandbalaklava.com.au//lines/hi-fresh-crunch-asian-salad-400g
Foodland Balaklava,2025-05-04 23:55:19,Ho Mai Cocktail Spring Roll,510g,N/A,$9.85,$1.93 per 100g,https://foodlandbalaklava.com.au//lines/ho-mai-spr-roll-c-tail-510gm
Foodland Balaklava,2025-05-04 23:55:19,Hotdog Pack,N/A,N/A,$6.00,N/A,https://foodlandbalaklava.com.au//lines/hotdog-pack-1
Foodland Balaklava,2025-05-04 23:55:19,Hp™ Sauce,390mL,N/A,$6.95,$1.78 per 100mL,https://foodlandbalaklava.com.au//lines/hp-sce-original-390ml
Foodland Balaklava,2025-05-04 23:55:19,Huggies Infant Nappies Size 2 (​4-8kg) 24 Pack,N/A,was $14.90,$13.00,$0.54 Each,https://foodlandbalaklava.com.au//lines/huggies-ult-nappy-infant-24s
Foodland Balaklava,2025-05-04 23:55:19,Huggies Ultra Dry Nappies Girl Size 4 (​10-15kg) 36 Pack,N/A,was $22.00,$17.00,$0.47 Each,https://foodlandbalaklava.com.au//lines/huggies-toddler-girl-36s
Foodland Balaklava,2025-05-04 23:55:19,Huggies Ultra Dry Nappy Pants Girls Size 5 (​12-17kg) 26 Pack,N/A,N/A,$22.00,$0.85 Each,https://foodlandbalaklava.com.au//lines/huggies-nappy-pants-wlk-grl26s
Foodland Balaklava,2025-05-04 23:55:19,Indomie Instant Cup Noodles Mi Goreng,75g,N/A,$2.30,$3.07 per 100g,https://foodlandbalaklava.com.au//lines/indomie-cup-ndl-fried-75gm-1
Foodland Balaklava,2025-05-04 23:55:19,Indomie Mi Goreng Noodles Satay 5 Pack X,80g,N/A,$3.95,$0.99 per 100g,https://foodlandbalaklava.com.au//lines/indomie-ins-ndl-satay-5x80gm-1
Foodland Balaklava,2025-05-04 23:55:19,Indomie Noodles Hot & Spicy 5 Pack X,80g,N/A,$3.95,$0.99 per 100g,https://foodlandbalaklava.com.au//lines/indomie-ins-ndl-hot-spcy5x80gm-1
Foodland Balaklava,2025-05-04 23:55:19,Infuzions Veggie Straws Multipack 5pk,75g,was $4.20,$3.80,$5.07 per 100g,https://foodlandbalaklava.com.au//lines/majans-infuz-strw-s-crm-5x15gm
Foodland Balaklava,2025-05-04 23:55:19,Ingh Chk Drumsticks Lrg Rw,N/A,N/A,$7.20,$6.00 per kg,https://foodlandbalaklava.com.au//lines/ingham-drumstick-lrg-tray-rw-1
Foodland Balaklava,2025-05-04 23:55:19,Ingham's Buffalo Chicken Wing Dings,1kg,was $13.65,$13.00,$13.00 per kg,https://foodlandbalaklava.com.au//lines/inghams-chic-wing-dng-buff-1kg
Foodland Balaklava,2025-05-04 23:55:19,Jalna Lactose Fre Wholemilk Vanilla Yoghourt,1kg,N/A,$8.30,$0.83 per 100g,https://foodlandbalaklava.com.au//lines/jalna-lactose-free-yog-1kg
Foodland Balaklava,2025-05-04 23:55:19,Jalna Sweet & Creamy Greek Yoghourt,1kg,N/A,$7.80,$0.78 per 100g,https://foodlandbalaklava.com.au//lines/jalna-swt-crmy-greek-yog-1kg
Foodland Balaklava,2025-05-04 23:55:19,Jarlsberg Cheese Slice,150g,N/A,$9.45,$63.00 per kg,https://foodlandbalaklava.com.au//lines/jarlsberg-chse-slice-150gm
Foodland Balaklava,2025-05-04 23:55:19,Jarrah Coffee Salted Caramel 1 Can,250g,N/A,$8.95,$3.58 per 100g,https://foodlandbalaklava.com.au//lines/jarrah-coff-sltd-crml-250gm
Foodland Balaklava,2025-05-04 23:55:19,Jc Peanuts Unsalted Aust,500g,N/A,$5.99,$11.98 per kg,https://foodlandbalaklava.com.au//lines/jc-peanuts-unsalted-aust-500gm
Foodland Balaklava,2025-05-04 23:55:19,Jindi Brie Cheese,115g,was $5.55,$5.00,$43.48 per kg,https://foodlandbalaklava.com.au//lines/jindi-chs-brie-115gm
Foodland Balaklava,2025-05-04 23:55:19,John West Kipper Fillets In Brine,200g,was $4.10,$3.50,$17.50 per kg,https://foodlandbalaklava.com.au//lines/j-west-kipper-fillets-200gm
Foodland Balaklava,2025-05-04 23:55:19,John West Salmon Tempters Tomato & Onion,95g,was $3.45,$3.15,$33.16 per kg,https://foodlandbalaklava.com.au//lines/j-west-tempt-sal-tom-oni-95gm
Foodland Balaklava,2025-05-04 23:55:19,John West Sardines In Olive Oil,110g,was $3.55,$3.00,$27.27 per kg,https://foodlandbalaklava.com.au//lines/j-west-sardines-olive-oil110gm
Foodland Balaklava,2025-05-04 23:55:19,John West Sardines In Tomato Sauce,110g,was $3.55,$3.00,$27.27 per kg,https://foodlandbalaklava.com.au//lines/j-west-sardines-tom-sce-110gm
Foodland Balaklava,2025-05-04 23:55:19,John West Smoked Oysters In Vegetable Oil,85g,N/A,$3.60,$42.35 per kg,https://foodlandbalaklava.com.au//lines/j-west-oyster-smk-veg-oil-85gm
Foodland Balaklava,2025-05-04 23:55:19,John West Tmp Tuna Chunky Spw,95g,N/A,$2.70,$28.42 per kg,https://foodlandbalaklava.com.au//lines/j-west-tuna-sprwater-chky-95gm
Foodland Balaklava,2025-05-04 23:55:19,John West Tuna Onion & Tomato Light,95g,N/A,$2.70,$28.42 per kg,https://foodlandbalaklava.com.au//lines/j-west-tuna-onion-tom-lt95gm
Foodland Balaklava,2025-05-04 23:55:19,John West Tuna Onion Tomato,0.095g,N/A,$2.70,$28.42 per kg,https://foodlandbalaklava.com.au//lines/j-west-tuna-onion-tom-sce-95gm
Foodland Balaklava,2025-05-04 23:55:19,John West Tuna Tempters Naturally Smoked,95g,N/A,$2.70,$28.42 per kg,https://foodlandbalaklava.com.au//lines/j-west-tuna-smoked-95gm
Foodland Balaklava,2025-05-04 23:55:19,John West Yellow Fin Tuna Chilli Infused Oil & Lemon Zest,90g,was $3.05,$2.50,$27.78 per kg,https://foodlandbalaklava.com.au//lines/j-west-deli-tna-chl-lmn-90gm
Foodland Balaklava,2025-05-04 23:55:19,Johnson's Pure Cotton Bud Applicators With Paper Sticks 150 Pack,N/A,N/A,$4.20,$2.80 Units100,https://foodlandbalaklava.com.au//lines/j-j-cotton-buds-tub-pk-150s
Foodland Balaklava,2025-05-04 23:55:19,Kan Tong Beef & Black Bean Stir Fry Cooking Sauce,510g,N/A,$4.85,$0.95 per 100g,https://foodlandbalaklava.com.au//lines/kantong-sce-jar-black-bn-510gm
Foodland Balaklava,2025-05-04 23:55:19,Kan Tong Satay Chicken Stir Fry Cooking Sauce,505g,N/A,$4.85,$0.96 per 100g,https://foodlandbalaklava.com.au//lines/kantong-sce-jar-stay-chkn505gm
Foodland Balaklava,2025-05-04 23:55:19,Keen's Traditional Curry Powder,60g,N/A,$4.40,$7.33 per 100g,https://foodlandbalaklava.com.au//lines/keens-curry-pdr-60gm
Foodland Balaklava,2025-05-04 23:55:19,Kellogg's All-Bran Original E530 G,530g,was $8.40,$7.90,$1.49 per 100g,https://foodlandbalaklava.com.au//lines/kell-all-bran-original-530gm
Foodland Balaklava,2025-05-04 23:55:19,Kellogg's Coco Pops,375g,N/A,$7.50,$2.00 per 100g,https://foodlandbalaklava.com.au//lines/kell-coco-pops-375gm
Foodland Balaklava,2025-05-04 23:55:19,Kellogg's Coco Pops,650g,was $11.35,$8.00,$1.23 per 100g,https://foodlandbalaklava.com.au//lines/kell-coco-pops-650gm
Foodland Balaklava,2025-05-04 23:55:19,Kellogg's Coco Pops Cereal Bowl,30g,was $2.35,$1.80,$6.00 per 100g,https://foodlandbalaklava.com.au//lines/kell-coco-pops-bowl-30g
Foodland Balaklava,2025-05-04 23:55:19,Kellogg's Froot Loops,285g,N/A,$7.35,$2.58 per 100g,https://foodlandbalaklava.com.au//lines/kell-froot-loops-285gm
Foodland Balaklava,2025-05-04 23:55:19,Kellogg's Just Right,740g,was $11.35,$8.00,$1.08 per 100g,https://foodlandbalaklava.com.au//lines/kell-just-right-original-740gm
Foodland Balaklava,2025-05-04 23:55:19,Kellogg's K-Time Bakery Favourites Twists Apple Custard Pie Flavour,165g,N/A,$5.80,$3.52 per 100g,https://foodlandbalaklava.com.au//lines/kell-k-tme-favs-apl-custd165gm
Foodland Balaklava,2025-05-04 23:55:19,Kellogg's Nutri-Grain,470g,was $9.45,$7.80,$1.66 per 100g,https://foodlandbalaklava.com.au//lines/kell-nutri-grain-470gm
Foodland Balaklava,2025-05-04 23:55:19,Kellogg's Nutri-Grain Original 12 Bar Pack,264g,was $7.90,$6.85,$2.59 per 100g,https://foodlandbalaklava.com.au//lines/kell-nutri-grain-br-orig-264gm
Foodland Balaklava,2025-05-04 23:55:19,Kellogg's Rice Bubbles,410g,N/A,$5.85,$1.43 per 100g,https://foodlandbalaklava.com.au//lines/kell-rice-bubbles-410gm
Foodland Balaklava,2025-05-04 23:55:19,Kellogg's Sultana Bran Cereal,420g,N/A,$7.50,$1.79 per 100g,https://foodlandbalaklava.com.au//lines/kell-sultana-bran-420gm
Foodland Balaklava,2025-05-04 23:55:19,Kellogg's Sultana Bran Gluten Free,350g,N/A,$8.80,$2.51 per 100g,https://foodlandbalaklava.com.au//lines/kell-sultana-bran-g-free-350gm
Foodland Balaklava,2025-05-04 23:55:21,Kettle Chips S/​Salt&​Vin,165g,N/A,$6.00,$3.64 per 100g,https://foodlandbalaklava.com.au//lines/kettle-chips-s-salt-vin-165gm
Foodland Balaklava,2025-05-04 23:55:21,Kettle Sea Salt Potato Chips,165g,N/A,$6.00,$3.64 per 100g,https://foodlandbalaklava.com.au//lines/kettle-chips-sea-salt-165gm
Foodland Balaklava,2025-05-04 23:55:21,Kinder Joy Everyday,20g,N/A,$3.15,$15.75 per 100g,https://foodlandbalaklava.com.au//lines/kinder-joy-t1-20g
Foodland Balaklava,2025-05-04 23:55:21,King Oscar Brisling Sardines In Oil,105g,N/A,$3.20,$30.48 per kg,https://foodlandbalaklava.com.au//lines/k-oscar-sardine-1layr-c6-105gm
Foodland Balaklava,2025-05-04 23:55:21,Kleenex Eucalyptus 3 Ply Facial Tissues 140 Pack,N/A,was $4.75,$4.40,$3.14 Units100,https://foodlandbalaklava.com.au//lines/klnx-tissue-spe-care-euc-140s
Foodland Balaklava,2025-05-04 23:55:21,Kleenex Everyday Ultra Soft Pocket Pack 3 Ply Facial Tissues 6 Pack,N/A,was $3.70,$3.20,$5.33 Units100,https://foodlandbalaklava.com.au//lines/klnx-tissue-e-day-pkt-pk-6x10s
Foodland Balaklava,2025-05-04 23:55:21,Kleenex Luxury Quilts Toilet Paper 6 Pack,N/A,N/A,$6.10,$0.68 per 100 Sheets,https://foodlandbalaklava.com.au//lines/klnx-t-roll-lux-quilt-6pk
Foodland Balaklava,2025-05-04 23:55:21,Kraft Cheddar Block,500g,N/A,$8.30,$16.60 per kg,https://foodlandbalaklava.com.au//lines/kft-cheddar-block-500gm-1
Foodland Balaklava,2025-05-04 23:55:21,Kraft Grated Parmesan Cheese,250g,N/A,$10.30,$41.20 per kg,https://foodlandbalaklava.com.au//lines/kft-chse-parmesan-grat-250gm-2
Foodland Balaklava,2025-05-04 23:55:21,Kraft® Mac & Cheese Original Pasta,205g,was $3.70,$3.00,$1.46 per 100g,https://foodlandbalaklava.com.au//lines/kft-mac-cheese-orig-205gm
Foodland Balaklava,2025-05-04 23:55:21,L'or Espresso Onyx Intensity 12 For Nespresso®​* Machines,N/A,N/A,$8.30,$15.96 per 100g,https://foodlandbalaklava.com.au//lines/lor-espresso-cap-onyx-10pk
Foodland Balaklava,2025-05-04 23:55:21,Large White Sandwich Roll,160g,N/A,$1.49,$0.93 per 100g,https://foodlandbalaklava.com.au//lines/spd-bke-large-white-sandwich-roll-160g
Foodland Balaklava,2025-05-04 23:55:21,Laucke Crusty White Bread Mix,2.4kg,N/A,$11.45,$4.77 per kg,https://foodlandbalaklava.com.au//lines/laucke-brd-mx-crusty-wht-2-4kg
Foodland Balaklava,2025-05-04 23:55:21,Lee Kum Kee Hoisin Sauce,240g,was $4.75,$3.85,$1.60 per 100g,https://foodlandbalaklava.com.au//lines/lkk-sce-hoi-sin-240gm-1
Foodland Balaklava,2025-05-04 23:55:21,"Leggo's Bolognese Chunky Pasta Sauce With Tomato, Garlic & Herbs",500g,N/A,$4.85,$0.97 per 100g,https://foodlandbalaklava.com.au//lines/leggos-psta-sce-blgn-500gm
Foodland Balaklava,2025-05-04 23:55:21,"Leggo's Pasta Bake With Tomato, Ricotta & Spinach",500g,N/A,$4.30,$0.86 per 100g,https://foodlandbalaklava.com.au//lines/leggos-psta-bke-tom-rc-sp500gm
Foodland Balaklava,2025-05-04 23:55:21,Leggos Stir Through Pasta Sauce Chargrilled Vegetables,350g,N/A,$5.55,$1.59 per 100g,https://foodlandbalaklava.com.au//lines/leggos-s-thrgh-charg-veg-350gm
Foodland Balaklava,2025-05-04 23:55:21,Lemnos Fetta Smooth,200g,was $6.85,$6.40,$32.00 per kg,https://foodlandbalaklava.com.au//lines/lemnos-fetta-smooth-200gm
Foodland Balaklava,2025-05-04 23:55:21,Lemnos Traditional Fetta,180g,was $6.85,$5.50,$30.56 per kg,https://foodlandbalaklava.com.au//lines/lemnos-fetta-full-crm-180gm
Foodland Balaklava,2025-05-04 23:55:21,Libra Ultra Thin Pads Goodnights 16,N/A,was $9.85,$7.00,$0.44 Each,https://foodlandbalaklava.com.au//lines/libra-pads-u-thn-g-nights-16s
Foodland Balaklava,2025-05-04 23:55:21,Licorice Lovers Choc #​200gm,N/A,was $3.80,$3.60,$1.80 per 100g,https://foodlandbalaklava.com.au//lines/licorice-lovers-choc-200gm
Foodland Balaklava,2025-05-04 23:55:21,Liddells Colby Cheese Slices,250g,was $7.90,$6.95,$27.80 per kg,https://foodlandbalaklava.com.au//lines/liddells-chse-colby-slce-250gm
Foodland Balaklava,2025-05-04 23:55:21,Life Savers Bananas,160mL,was $5.25,$3.60,$2.25 per 100g,https://foodlandbalaklava.com.au//lines/l-saver-bananas-160gm
Foodland Balaklava,2025-05-04 23:55:21,Life Savers Darrel Lea Fruit Tingles & Raspberry Jellies Chocolate Bar,160g,was $7.35,$6.55,$4.09 per 100g,https://foodlandbalaklava.com.au//lines/darrell-lea-lifesavr-blk-160gm
Foodland Balaklava,2025-05-04 23:55:21,Life Style Gluten Free Bread Crumbs,350g,was $5.55,$5.15,$1.47 per 100g,https://foodlandbalaklava.com.au//lines/l-styl-bread-crumbs-g-f-350gm
Foodland Balaklava,2025-05-04 23:55:21,Lindt Excellence 95% Cocoa Dark Chocolate,80g,was $7.30,$5.95,$5.95 per 100g,https://foodlandbalaklava.com.au//lines/lindt-exc-95-cocoa-80gm-1
Foodland Balaklava,2025-05-04 23:55:21,Lindt Lindor Assorted Chocolate Bag,125g,was $13.65,$8.75,$7.00 per 100g,https://foodlandbalaklava.com.au//lines/lindt-lindor-asst-shrbag-125gm
Foodland Balaklava,2025-05-04 23:55:21,Listerine Zero Alcohol Antibacterial Mouthwash Less Intense Taste,500mL,was $8.40,$6.60,$1.32 per 100mL,https://foodlandbalaklava.com.au//lines/listerine-zero-cln-mint-500ml
Foodland Balaklava,2025-05-04 23:55:21,Lite N Easy Honey Soy Chicken,390g,N/A,$13.90,$3.56 per 100g,https://foodlandbalaklava.com.au//lines/lite-n-easy-chic-hny-soy-390gm
Foodland Balaklava,2025-05-04 23:55:21,Little Bellies Soft Corn Apple Berry,8g,was $2.10,$1.65,$20.62 per 100g,https://foodlandbalaklava.com.au//lines/b-bellies-sftcrn-bry-apl-8gm
Foodland Balaklava,2025-05-04 23:55:21,Little Lucifer Firelighters Cubes 24 Pack,N/A,was $6.10,$4.80,$20.00 Units100,https://foodlandbalaklava.com.au//lines/l-lucifer-f-lighters-24s
Foodland Balaklava,2025-05-04 23:55:21,LOADED POTATO SALAD,N/A,N/A,$14.99,N/A,https://foodlandbalaklava.com.au//lines/s-fresh-chorizo-pasta-rw
Foodland Balaklava,2025-05-04 23:55:21,Local Kitchen Potato Egg & Bacon Salad,250g,N/A,$5.00,$20.00 per kg,https://foodlandbalaklava.com.au//lines/lk-potato-egg-bacon-250g
Foodland Balaklava,2025-05-04 23:55:21,Local Kitchen Potato Salad,800g,N/A,$7.30,$9.12 per kg,https://foodlandbalaklava.com.au//lines/lk-potato-salad-800g
Foodland Balaklava,2025-05-04 23:55:21,Lotus Biscoff Biscuits X 2 Pack,124g,N/A,$2.80,$2.26 per 100g,https://foodlandbalaklava.com.au//lines/lotus-bisc-biscoff-8x2pk-124gm
Foodland Balaklava,2025-05-04 23:55:21,Lungene Covid 19 Rat Test,N/A,N/A,$20.00,$4.00 Each,https://foodlandbalaklava.com.au//lines/clungene-covid-rapid-antigen-test-5pk
Foodland Balaklava,2025-05-04 23:55:21,Lux Body Wash Petal Touch,400mL,N/A,$5.80,$1.45 per 100mL,https://foodlandbalaklava.com.au//lines/lux-b-wash-petal-touch-400ml
Foodland Balaklava,2025-05-04 23:55:21,Lyndale Extra Large Eggs,700g,N/A,$11.00,$1.57 per 100g,https://foodlandbalaklava.com.au//lines/lyndale-extra-large-eggs-700g
Foodland Balaklava,2025-05-04 23:55:21,M&​Ms Minis Pouch,145g,was $7.35,$5.40,$3.72 per 100g,https://foodlandbalaklava.com.au//lines/m-ms-pouch-minis-145gm
Foodland Balaklava,2025-05-04 23:55:21,M&​M’​S Milk Chocolate Snack & Share Bag,180g,was $7.35,$5.40,$3.00 per 100g,https://foodlandbalaklava.com.au//lines/m-m-s-pln-mlk-choc-180gm
Foodland Balaklava,2025-05-04 23:55:21,M&​M’​S Minis Milk Chocolate Snack & Share Bag,335g,N/A,$7.00,$2.09 per 100g,https://foodlandbalaklava.com.au//lines/m-ms-minis-335gm
Foodland Balaklava,2025-05-04 23:55:21,M&​M’​S Minis Milk Chocolate Tube,35g,was $2.65,$1.25,$3.57 per 100g,https://foodlandbalaklava.com.au//lines/m-ms-minis-35gm
Foodland Balaklava,2025-05-04 23:55:21,M&​M’​S Peanut Milk Chocolate Snack & Share Bag,380g,N/A,$7.00,$1.84 per 100g,https://foodlandbalaklava.com.au//lines/m-ms-peanut-380gm
Foodland Balaklava,2025-05-04 23:55:21,M/​Beer Bone Broth Fr Chkn500ml,N/A,N/A,$8.95,$1.79 per 100mL,https://foodlandbalaklava.com.au//lines/maggie-beer-broth-fr-chkn500ml
Foodland Balaklava,2025-05-04 23:55:21,Macleans Protect Mild Mint Toothpaste,170g,was $3.25,$1.55,$0.91 per 100g,https://foodlandbalaklava.com.au//lines/maclean-t-pst-prot-m-mnt-170gm
Foodland Balaklava,2025-05-04 23:55:21,Maggi Dry Recipe Bases -43g:​Apricot Chicken:​.:​35 Gram 35g,20g,was $1.95,$1.70,$4.86 per 100g,https://foodlandbalaklava.com.au//lines/maggi-cul-apricot-chkn-hsr35gm
Foodland Balaklava,2025-05-04 23:55:21,Maggi Noodles Fusian Soy Mild Spice,64g,was $2.65,$2.45,$3.83 per 100g,https://foodlandbalaklava.com.au//lines/maggi-cup-ndl-fus-soymldsp64gm
Foodland Balaklava,2025-05-04 23:55:21,Maggi Original Seasoning,200mL,was $5.25,$5.05,$2.52 per 100mL,https://foodlandbalaklava.com.au//lines/maggi-seasoning-200ml
Foodland Balaklava,2025-05-04 23:55:23,Maggi Recipe Base - Dry Recipe Base Gluten Free Beef Stroganoff Natural,41g,was $1.95,$1.70,$4.15 per 100g,https://foodlandbalaklava.com.au//lines/maggi-cul-bf-stroganoff-gf41gm
Foodland Balaklava,2025-05-04 23:55:23,Maggi Recipe Base - Dry Recipe Base Side Dishes Three Cheese Herb Spices Natural,21g,was $1.95,$1.70,$8.10 per 100g,https://foodlandbalaklava.com.au//lines/maggi-cul-three-cheese-p-bk21g
Foodland Balaklava,2025-05-04 23:55:23,Maggi Your Meal Your Way Chow Mein Recipe Base Serves 4,32g,was $1.95,$1.70,$5.31 per 100g,https://foodlandbalaklava.com.au//lines/maggi-cul-mince-chow-mein-32gm
Foodland Balaklava,2025-05-04 23:55:23,Magnum Ice Cream Sticks Velvety Smooth Almond Vanilla Ice Cream Covered In Thick Cracking Magnum Milk Chocolate And Crunchy Australian Almond Pieces 4,N/A,was $12.00,$6.00,$1.40 per 100mL,https://foodlandbalaklava.com.au//lines/str-m-p-magnum-almond-4s-428ml
Foodland Balaklava,2025-05-04 23:55:23,Mainland Cheese & Lavosh Crackers Rosemary & Rock Salt,36g,was $3.15,$2.80,$77.78 per kg,https://foodlandbalaklava.com.au//lines/m-land-otg-chs-rmry-r-salt36gm
Foodland Balaklava,2025-05-04 23:55:23,Mainland Tasty Grated Cheddar Cheese,200g,N/A,$5.80,$29.00 per kg,https://foodlandbalaklava.com.au//lines/m-land-chse-tasty-grated-200gm
Foodland Balaklava,2025-05-04 23:55:23,Maltesers Milk Chocolate King Share Box,60g,was $3.15,$2.20,$3.67 per 100g,https://foodlandbalaklava.com.au//lines/maltesers-kingsize-60gm
Foodland Balaklava,2025-05-04 23:55:23,Maltesers Milk Chocolate Snack & Share Bag,140g,was $7.35,$5.40,$3.86 per 100g,https://foodlandbalaklava.com.au//lines/mars-maltesers-pch-140gm
Foodland Balaklava,2025-05-04 23:55:23,Maltesers Milk Chocolate Snack & Share Bag,280g,N/A,$7.00,$2.50 per 100g,https://foodlandbalaklava.com.au//lines/mars-maltesers-pch-280gm
Foodland Balaklava,2025-05-04 23:55:23,Mars Milk Chocolate Bar Caramel Nougat,64g,was $3.15,$2.20,$3.44 per 100g,https://foodlandbalaklava.com.au//lines/mars-bar-2pk-64gm
Foodland Balaklava,2025-05-04 23:55:23,Mars Milk Chocolate Fun Size Sharepack 20 Pieces,320g,N/A,$6.50,$2.03 per 100g,https://foodlandbalaklava.com.au//lines/mars-bar-funsize-320gm
Foodland Balaklava,2025-05-04 23:55:23,Martha's Prem Medjool Dates,454g,N/A,$15.00,$3.30 per 100g,https://foodlandbalaklava.com.au//lines/martha-s-prem-medjool-dates-454gm
Foodland Balaklava,2025-05-04 23:55:23,Masterfoods Dijionaise Mustard,250g,N/A,$4.40,$1.76 per 100g,https://foodlandbalaklava.com.au//lines/mf-mustard-dijonaise-sqzy250gm
Foodland Balaklava,2025-05-04 23:55:23,Masterfoods Finely Crushed Garlic,170g,N/A,$2.70,$15.88 per kg,https://foodlandbalaklava.com.au//lines/mf-garlic-fresh-crushed-170gm
Foodland Balaklava,2025-05-04 23:55:23,Masterfoods Smokey Barbecue Sauce,500mL,N/A,$5.15,$1.03 per 100mL,https://foodlandbalaklava.com.au//lines/mf-sce-bbq-smokey-sqz-500ml
Foodland Balaklava,2025-05-04 23:55:23,Masterfoods Smokey BBQ Marinade,375g,N/A,$3.60,$0.96 per 100g,https://foodlandbalaklava.com.au//lines/mf-marinade-smokey-bbq-375gm
Foodland Balaklava,2025-05-04 23:55:23,Masterfoods Tomato Sauce Bottle,920mL,N/A,$6.85,$0.74 per 100mL,https://foodlandbalaklava.com.au//lines/mf-sce-tomato-sqzy-920ml
Foodland Balaklava,2025-05-04 23:55:23,Masterfoods Traditional Tartare Sauce,220g,N/A,$4.00,$1.82 per 100g,https://foodlandbalaklava.com.au//lines/mf-sce-tartare-220gm
Foodland Balaklava,2025-05-04 23:55:23,Masterfoods Wholegrain Mustard,175g,N/A,$4.75,$2.71 per 100g,https://foodlandbalaklava.com.au//lines/mf-mustard-wholegrain-175gm
Foodland Balaklava,2025-05-04 23:55:23,Mccain Air Fryer Chips Steak Cut,750g,N/A,$6.10,$8.13 per kg,https://foodlandbalaklava.com.au//lines/mcc-chips-airfryr-stk-cut750gm
Foodland Balaklava,2025-05-04 23:55:23,Mccain Lil' Pizzas Mini Cheesy Margherita 4 Pack,380g,was $7.80,$7.20,$1.89 per 100g,https://foodlandbalaklava.com.au//lines/mcc-lil-pizza-chsy-marg-380gm
Foodland Balaklava,2025-05-04 23:55:23,Mccain Pub Style Beer Batter Shoestring,750g,was $6.10,$5.70,$7.60 per kg,https://foodlandbalaklava.com.au//lines/mcc-fries-b-bat-thn-crsp-750gm
Foodland Balaklava,2025-05-04 23:55:23,Mccain Pub Style Beer Battered Wedges,750g,was $6.10,$5.70,$7.60 per kg,https://foodlandbalaklava.com.au//lines/mcc-wedges-beer-batter-750gm
Foodland Balaklava,2025-05-04 23:55:23,Mccain Super Fries Shoestring,900g,N/A,$4.30,$4.78 per kg,https://foodlandbalaklava.com.au//lines/mcc-chips-s-fry-s-strng-900gm
Foodland Balaklava,2025-05-04 23:55:23,Mccain Tuna Mornay Portrait,400g,N/A,$5.60,$1.40 per 100g,https://foodlandbalaklava.com.au//lines/mcc-redbox-tuna-mornay-400gm
Foodland Balaklava,2025-05-04 23:55:23,Mccain Vegetables Winter Vegetables,1kg,was $7.35,$6.80,$6.80 per kg,https://foodlandbalaklava.com.au//lines/mcc-veg-winter-1kg
Foodland Balaklava,2025-05-04 23:55:23,Mccor Bay Leaves,3g,N/A,$3.70,$12.33 per 10g,https://foodlandbalaklava.com.au//lines/mccor-bay-leaves-3g
Foodland Balaklava,2025-05-04 23:55:23,Mccor Season All,70g,N/A,$3.20,$0.46 per 10g,https://foodlandbalaklava.com.au//lines/mccor-season-all-70g
Foodland Balaklava,2025-05-04 23:55:23,Mccormick Season All Original Salt,180g,N/A,$5.60,$0.31 per 10g,https://foodlandbalaklava.com.au//lines/mccor-season-all-180gm
Foodland Balaklava,2025-05-04 23:55:23,Mcken Pepper White Ground100gm,N/A,N/A,$4.40,$0.44 per 10g,https://foodlandbalaklava.com.au//lines/mcken-pepper-white-ground100gm
Foodland Balaklava,2025-05-04 23:55:23,Mckenzie's Mckenzies Red Lentils,375g,N/A,$2.30,$6.13 per kg,https://foodlandbalaklava.com.au//lines/mcken-lentils-red-split-375gm
Foodland Balaklava,2025-05-04 23:55:23,Mckenzies Bi Carb Soda,500g,N/A,$2.85,$0.57 per 100g,https://foodlandbalaklava.com.au//lines/mcken-carb-soda-500gm
Foodland Balaklava,2025-05-04 23:55:23,Mckenzies Rice Flour,375g,N/A,$2.30,$6.13 per kg,https://foodlandbalaklava.com.au//lines/mcken-rice-flour-375gm
Foodland Balaklava,2025-05-04 23:55:23,Mckenzies Sea Salt Grinder,410g,N/A,$8.95,$2.18 per 100g,https://foodlandbalaklava.com.au//lines/mcken-grndr-salt-sea-410gm
Foodland Balaklava,2025-05-04 23:55:23,Menz Vegan Dark Fruchos,150g,was $6.70,$5.90,$3.93 per 100g,https://foodlandbalaklava.com.au//lines/menz-fruchocs-d-choc-veg150gm
Foodland Balaklava,2025-05-04 23:55:23,Menz Violet Crumble Nuggets,120g,N/A,$6.30,$5.25 per 100g,https://foodlandbalaklava.com.au//lines/violet-crumble-nuggets-120gm
Foodland Balaklava,2025-05-04 23:55:23,Metamucil Daily Fibre Supplement Smooth Orange Powder 72 Dose,425g,N/A,$31.40,$7.39 per 100g,https://foodlandbalaklava.com.au//lines/metamucil-smth-org-72dos-425gm
Foodland Balaklava,2025-05-04 23:55:23,Mildura Tropical Fruit Drink,2L,was $4.75,$4.40,$2.20 per L,https://foodlandbalaklava.com.au//lines/mildura-drk-tropical-2l
Foodland Balaklava,2025-05-04 23:55:23,Milk Lab Oat Milk,1L,N/A,$5.80,$5.80 per L,https://foodlandbalaklava.com.au//lines/milklab-milk-oat-1l
Foodland Balaklava,2025-05-04 23:55:23,Mini Oreo Share Pack Original Biscuit,157g,N/A,$4.75,$3.03 per 100g,https://foodlandbalaklava.com.au//lines/oreo-mini-munch-orig-157gm
Foodland Balaklava,2025-05-04 23:55:23,Mirabella Led Warm White Light Globe,9W,was $14.44,$11.70,$5.85 Each,https://foodlandbalaklava.com.au//lines/mira-led-gls-bc-9w-warm-wh-2pk
Foodland Balaklava,2025-05-04 23:55:23,Mission Naan Bread Plain,280g,N/A,$4.30,$1.54 per 100g,https://foodlandbalaklava.com.au//lines/mission-naan-plain-4pk
Foodland Balaklava,2025-05-04 23:55:23,Moccona Cappuccino Strong Coffee Sachets,10 x 13.2g,was $8.30,$3.95,$2.99 per 100g,https://foodlandbalaklava.com.au//lines/mocc-coff-sach-strong-capp-10s
Foodland Balaklava,2025-05-04 23:55:23,Moccona Coffee Freeze Dried Indulgence Jar,200g,N/A,$25.85,$12.92 per 100g,https://foodlandbalaklava.com.au//lines/mocc-coff-f-dry-indulg-200gm
Foodland Balaklava,2025-05-04 23:55:23,Moccona Skim Cappuccino Coffee Sachets,10 x 12.2g,was $8.30,$3.95,$3.24 per 100g,https://foodlandbalaklava.com.au//lines/mocc-coff-sach-skim-capp-10s
Foodland Balaklava,2025-05-04 23:55:23,Morning Fresh Dishwashing Lemon,400mL,was $5.80,$5.50,$1.38 per 100mL,https://foodlandbalaklava.com.au//lines/morn-frsh-d-w-liq-lem-400ml
Foodland Balaklava,2025-05-04 23:55:23,Mortein Fast Knockdown Insect Spray Odourless Fly & Mosquito Killer,350g,was $9.45,$7.50,$2.14 per 100g,https://foodlandbalaklava.com.au//lines/mortein-enrgball-fik-o-les350g
Foodland Balaklava,2025-05-04 23:55:23,Mortein Naturgard Multi-Insect Automatic Refill Fragrance Free,152g,N/A,$20.00,$13.16 per 100g,https://foodlandbalaklava.com.au//lines/mortein-n-gard-auto-ref-152gm
Foodland Balaklava,2025-05-04 23:55:24,Mrs Mac's Microwave Giant Sausage Roll,N/A,was $3.70,$3.10,$1.77 per 100g,https://foodlandbalaklava.com.au//lines/mrs-macs-s-roll-giant-m-w175gm
Foodland Balaklava,2025-05-04 23:55:24,Multix Alfoil cm 30cm,30 x 30m,was $8.95,$7.85,$0.26 per cm,https://foodlandbalaklava.com.au//lines/multix-alfoil-30cmx30m
Foodland Balaklava,2025-05-04 23:55:24,Multix Alfoil Cm,30 x 20m,N/A,$6.25,$0.31 per cm,https://foodlandbalaklava.com.au//lines/multix-alfoil-30cmx20m
Foodland Balaklava,2025-05-04 23:55:24,Multix Bake cm 30cm,30 x 20m,N/A,$6.10,$0.30 per cm,https://foodlandbalaklava.com.au//lines/multix-bake-paper-20mx30cm
Foodland Balaklava,2025-05-04 23:55:24,Multix Cling cm 33cm,33 x 60m,N/A,$4.10,$0.07 per cm,https://foodlandbalaklava.com.au//lines/multix-cling-wrap-33cmx60m
Foodland Balaklava,2025-05-04 23:55:24,Multix Freezer Bags Large 30 Pack 30 X 40cm,N/A,N/A,$2.95,$0.10 Each,https://foodlandbalaklava.com.au//lines/multix-frz-bag-handle-lge-30s
Foodland Balaklava,2025-05-04 23:55:24,Multix Freezer Bags Medium 60 Pack,N/A,N/A,$2.75,$0.05 Each,https://foodlandbalaklava.com.au//lines/multix-frz-bag-handle-med-60s
Foodland Balaklava,2025-05-04 23:55:24,Multix Greener Brown Baking Paper cm 30cm,30 x 15m,was $5.25,$3.50,$0.02 per cm,https://foodlandbalaklava.com.au//lines/multix-bake-paper-brwn15mx30cm
Foodland Balaklava,2025-05-04 23:55:24,Multix Muffin Cases 100 Pack,N/A,N/A,$3.30,$3.30 Units100,https://foodlandbalaklava.com.au//lines/multix-patty-cases-muffin-100s
Foodland Balaklava,2025-05-04 23:55:24,My Dog Adult 7+ Tender Lamb With Rice & Carrots,400g,was $3.15,$2.10,$0.52 per 100g,https://foodlandbalaklava.com.au//lines/my-dog-snr-lmb-rce-car-400gm
Foodland Balaklava,2025-05-04 23:55:24,My Dog Classic Loaf With Juicy Lamb,6 x 100g,was $10.50,$9.00,$1.50 per 100g,https://foodlandbalaklava.com.au//lines/my-dog-sel-lamb-clas-6x100gm
Foodland Balaklava,2025-05-04 23:55:24,"My Dog Wet Dog Food Fish With Sardine, Tuna & Spring Vegetables Can 400g",400g,was $3.15,$2.10,$0.52 per 100g,https://foodlandbalaklava.com.au//lines/my-dog-fsh-sard-tun-s-veg400gm
Foodland Balaklava,2025-05-04 23:55:24,My Dog Wet Dog Food Tasty Kangaroo Can 400g,400g,was $3.15,$2.10,$0.52 per 100g,https://foodlandbalaklava.com.au//lines/my-dog-tasty-kangaroo-400gm
Foodland Balaklava,2025-05-04 23:55:24,Nanna's Snack Blackberry & Apple Pies 4 Pack,450g,was $6.85,$4.00,$0.89 per 100g,https://foodlandbalaklava.com.au//lines/nanna-snk-pie-ap-b-bry4s-450gm
Foodland Balaklava,2025-05-04 23:55:24,Nature's Way Odourless Fish Oil 1000mg 80s,N/A,N/A,$12.60,$15.75 Units100,https://foodlandbalaklava.com.au//lines/nat-way-fish-oil-1000mg-80s
Foodland Balaklava,2025-05-04 23:55:24,Natures Delight Walnut Halves,500g,N/A,$14.99,$3.00 per 100g,https://foodlandbalaklava.com.au//lines/nocelle-walnut-halves-500gm
Foodland Balaklava,2025-05-04 23:55:24,Nescafe 98% Sugar Free Caramel Latte Coffee Sachets 10 Pack 10pk,N/A,N/A,$8.00,$5.93 per 100g,https://foodlandbalaklava.com.au//lines/nescafe-sach-car-latt98-s-f10s
Foodland Balaklava,2025-05-04 23:55:24,Nescafe Gold Smooth Instant Coffee,180g,N/A,$20.00,$11.11 per 100g,https://foodlandbalaklava.com.au//lines/nescafe-gold-smth-int-3-180gm
Foodland Balaklava,2025-05-04 23:55:24,Nescafe Iced Salted Caramel Cappuccino Coffee Sachets 8 Pack,128g,N/A,$8.00,$6.25 per 100g,https://foodlandbalaklava.com.au//lines/nescafe-sach-iced-s-cr-cap-8pk
Foodland Balaklava,2025-05-04 23:55:24,Nestle Aero Peppermint Chocolate Block,118g,was $7.35,$6.20,$5.25 per 100g,https://foodlandbalaklava.com.au//lines/nes-choc-aero-p-mint-118gm
Foodland Balaklava,2025-05-04 23:55:24,Nestle Bakers' Choice White Choc Bits,200g,N/A,$7.35,$3.68 per 100g,https://foodlandbalaklava.com.au//lines/nes-chocbits-white-200gm
Foodland Balaklava,2025-05-04 23:55:24,Nestle Carnation® Light & Creamy Evaporated Milk,340mL,was $3.45,$2.80,$8.24 per L,https://foodlandbalaklava.com.au//lines/carnation-mlk-evap-light-340ml
Foodland Balaklava,2025-05-04 23:55:24,Nestle Drumstick Vanilla 4 Cones,N/A,was $10.00,$9.20,$1.94 per 100mL,https://foodlandbalaklava.com.au//lines/peters-m-p-d-stk-vanilla-4s
Foodland Balaklava,2025-05-04 23:55:24,Nestle Icypole Variety Pack,575mL,N/A,$5.25,$0.91 per 100mL,https://foodlandbalaklava.com.au//lines/nes-m-p-icy-pole-lmnde-rasp-8s
Foodland Balaklava,2025-05-04 23:55:24,Nestle Kit Kat Chocolate Neapolitan Bar,42g,was $2.65,$1.25,$2.98 per 100g,https://foodlandbalaklava.com.au//lines/nes-kit-kat-neapolitan-42g
Foodland Balaklava,2025-05-04 23:55:24,Nestle Kit Kat Chunky Chocolate Cookie Dough,45g,was $2.65,$1.25,$2.78 per 100g,https://foodlandbalaklava.com.au//lines/nes-kit-kat-ckie-dough-45gm
Foodland Balaklava,2025-05-04 23:55:24,Nestle Kitkat Dark Mint Chocolate Block,160g,was $7.35,$6.20,$3.88 per 100g,https://foodlandbalaklava.com.au//lines/nes-kit-kat-dark-mint-160gm
Foodland Balaklava,2025-05-04 23:55:24,Nestle Milkybar Share Pack 11 Pieces,158g,N/A,$7.35,$4.65 per 100g,https://foodlandbalaklava.com.au//lines/nes-milky-bar-fun-pack-158gm
Foodland Balaklava,2025-05-04 23:55:24,Nestle Milo Breakfast Cereal Chocolate And Malt,620g,was $10.00,$4.90,$0.79 per 100g,https://foodlandbalaklava.com.au//lines/nes-milo-cereal-620gm
Foodland Balaklava,2025-05-04 23:55:24,"Nestle Milo Duo Breakfast Cereal Chocolate, Malt And Vanilla",340g,N/A,$7.35,$2.16 per 100g,https://foodlandbalaklava.com.au//lines/nes-milo-duo-cereal-340gm
Foodland Balaklava,2025-05-04 23:55:24,Nestle Milo Snack Bars Dipped White Choc X10 10pk,270g,was $9.45,$8.40,$3.11 per 100g,https://foodlandbalaklava.com.au//lines/nes-milo-snk-bar-w-mlk-270gm
Foodland Balaklava,2025-05-04 23:55:24,Nestle Milo® Choc Malt Powder Drink,200g,N/A,$6.20,$3.10 per 100g,https://foodlandbalaklava.com.au//lines/nes-milo-200gm
Foodland Balaklava,2025-05-04 23:55:24,"Nestle Nan Comfort 3 Toddler Milk Drink, From 1 Year –",800g,was $22.05,$18.50,$2.31 per 100g,https://foodlandbalaklava.com.au//lines/nan-inf-frml-comf-3-800gm
Foodland Balaklava,2025-05-04 23:55:24,Nestle Peters Drumstick Choc Mint 4pk,475mL,was $10.00,$9.20,$1.93 per 100mL,https://foodlandbalaklava.com.au//lines/peters-m-p-d-stk-choc-mint-4s
Foodland Balaklava,2025-05-04 23:55:24,Nestle Skim Sweetened Condensed Milk Baking |,410g,N/A,$4.00,$0.98 per 100g,https://foodlandbalaklava.com.au//lines/nes-milk-cond-swt-skim-410gm
Foodland Balaklava,2025-05-04 23:55:24,Neutrogena Makeup Remover Cleansing Towelettes Wipes 25 Pack 19 X 18.​5cm,N/A,was $9.45,$8.50,$0.34 Each,https://foodlandbalaklava.com.au//lines/neut-makeup-rem-twlette-25s-1
Foodland Balaklava,2025-05-04 23:55:24,Newmans Garlic Crushed,250g,N/A,$7.80,$3.12 per 100g,https://foodlandbalaklava.com.au//lines/newmans-crushed-garlic-250gm
Foodland Balaklava,2025-05-04 23:55:24,Nice & Natural Peanut & Almond Chocolate Nut Bar,180g,N/A,$5.80,$3.22 per 100g,https://foodlandbalaklava.com.au//lines/nice-nat-n-bar-pnt-alm-6s180gm
Foodland Balaklava,2025-05-04 23:55:24,Nice&​Natural Chewy Muesli Bars Strawberry Yoghurt 6pk,185g,was $5.25,$3.10,$1.68 per 100g,https://foodlandbalaklava.com.au//lines/nice-nat-bar-chw-sbry-185g
Foodland Balaklava,2025-05-04 23:55:24,Nippys Iced Coffee,375mL,was $3.60,$3.40,$9.07 per L,https://foodlandbalaklava.com.au//lines/nippy-s-iced-coffee-375ml
Foodland Balaklava,2025-05-04 23:55:24,No Vac Garden Breeze,290g,N/A,$6.30,$2.17 per 100g,https://foodlandbalaklava.com.au//lines/n-vac-carpet-deo-grd-brz-290gm
Foodland Balaklava,2025-05-04 23:55:24,Nobby's Peanuts Nuts Salt And Vinegar,350g,was $4.00,$3.35,$9.57 per kg,https://foodlandbalaklava.com.au//lines/nobbys-peanut-salt-vingr-350gm
Foodland Balaklava,2025-05-04 23:55:24,Nobby's Pre-Peeled Peanuts Entertaining Size Salted,375g,was $4.00,$3.35,$8.93 per kg,https://foodlandbalaklava.com.au//lines/nobbys-peanuts-salted-375gm
Foodland Balaklava,2025-05-04 23:55:24,Nocelle Apricot Delight,500g,N/A,$9.99,$2.00 per 100g,https://foodlandbalaklava.com.au//lines/nocelle-apricot-delight-500gm
Foodland Balaklava,2025-05-04 23:55:24,Nocelle Heavenly Delight Mix,500g,N/A,$11.99,$2.40 per 100g,https://foodlandbalaklava.com.au//lines/nocelle-heavenly-delight-mix-500gm
Foodland Balaklava,2025-05-04 23:55:24,Nocelle Mixed Fruit Pieces,500g,N/A,$8.99,$1.80 per 100g,https://foodlandbalaklava.com.au//lines/nocelle-mixed-fruit-pieces-500
Foodland Balaklava,2025-05-04 23:55:24,Nocelle Mixed Roasted & Salted Nut,500g,N/A,$10.59,$2.12 per 100g,https://foodlandbalaklava.com.au//lines/nocelle-mixd-rstd-sltd-nut-500gm
Foodland Balaklava,2025-05-04 23:55:24,Nocelle Organic Chia Seeds,225g,was $5.99,$5.15,$2.29 per 100g,https://foodlandbalaklava.com.au//lines/nocelle-organic-chia-seeds-225gm
Foodland Balaklava,2025-05-04 23:55:28,Nocelle Pecan Nuts,375g,N/A,$16.99,$4.53 per 100g,https://foodlandbalaklava.com.au//lines/nocelle-pecan-nuts-375g
Foodland Balaklava,2025-05-04 23:55:28,Nocelle Pepita Seeds,500g,N/A,$7.99,$1.60 per 100g,https://foodlandbalaklava.com.au//lines/nocelle-pepita-seeds-500gm
Foodland Balaklava,2025-05-04 23:55:28,Nurses Cornflour,500g,N/A,$3.75,$7.50 per kg,https://foodlandbalaklava.com.au//lines/nurses-cornflour-500gm
Foodland Balaklava,2025-05-04 23:55:28,Nutella B-Ready Wafer Biscuits Multipack | 6 Bars (​22g Each),132g,N/A,$6.30,$4.77 per 100g,https://foodlandbalaklava.com.au//lines/nutella-bisc-b-ready-132gm
Foodland Balaklava,2025-05-04 23:55:28,O/​Menu Lasagna Beef,2kg,was $14.20,$13.50,$0.68 per 100g,https://foodlandbalaklava.com.au//lines/o-menu-lasagna-beef-2kg-2
Foodland Balaklava,2025-05-04 23:55:28,Oak Strawberry Flavoured Milk,2L,was $6.95,$6.50,$3.25 per L,https://foodlandbalaklava.com.au//lines/oak-strawberry-2l
Foodland Balaklava,2025-05-04 23:55:28,Oak Vanilla Malt Flavoured Milk,600mL,N/A,$3.95,$6.58 per L,https://foodlandbalaklava.com.au//lines/oak-vanilla-malt-flav-600ml
Foodland Balaklava,2025-05-04 23:55:28,Oates Durafresh Antibacterial Scour 'N' Sponge 3pk 3pk,N/A,N/A,$4.60,$1.53 Each,https://foodlandbalaklava.com.au//lines/oates-scour-sponge-045-3s
Foodland Balaklava,2025-05-04 23:55:28,Obela Guacamole Classic,220g,N/A,$6.10,$2.77 per 100g,https://foodlandbalaklava.com.au//lines/obela-guacamole-cls-220gm
Foodland Balaklava,2025-05-04 23:55:28,Obela Tzatziki Classic,220g,was $5.80,$4.90,$2.23 per 100g,https://foodlandbalaklava.com.au//lines/obela-classic-tzatziki-220gm
Foodland Balaklava,2025-05-04 23:55:28,Oc Naturals Deep Nourish Moisturising Shampoo,725mL,was $7.00,$5.75,$0.79 per 100mL,https://foodlandbalaklava.com.au//lines/organic-care-s-poo-nrsh-725ml
Foodland Balaklava,2025-05-04 23:55:28,Oc Naturals Kids Detangling Conditioning Spray Berry Bliss,250mL,N/A,$4.10,$1.64 per 100mL,https://foodlandbalaklava.com.au//lines/organic-care-spry-d-tngl-250ml
Foodland Balaklava,2025-05-04 23:55:28,Old El Paso Burrito Spice Mix,40g,N/A,$3.15,$7.88 per 100g,https://foodlandbalaklava.com.au//lines/o-e-paso-spice-burrito-40gm
Foodland Balaklava,2025-05-04 23:55:28,Old El Paso Jumbo Taco Kit Mexican Style,345g,N/A,$10.00,$2.90 per 100g,https://foodlandbalaklava.com.au//lines/o-e-paso-taco-jumbo-kit-345gm
Foodland Balaklava,2025-05-04 23:55:28,Old El Paso Regular Tortillas Flour Big Family Size,640g,N/A,$6.85,$1.07 per 100g,https://foodlandbalaklava.com.au//lines/o-e-paso-tortillas-16pk-2
Foodland Balaklava,2025-05-04 23:55:28,Old El Paso Stand 'N Stuff Soft Flour Tortilla Boats,193g,N/A,$6.30,$3.26 per 100g,https://foodlandbalaklava.com.au//lines/o-e-paso-tortilla-std-stuff-8s
Foodland Balaklava,2025-05-04 23:55:28,Old El Paso Thick 'N Chunky Salsa Mild,375g,N/A,$5.80,$1.55 per 100g,https://foodlandbalaklava.com.au//lines/o-e-paso-sal-thc-chk-mld-375gm
Foodland Balaklava,2025-05-04 23:55:28,Old El Paso Tortilla Kit Enchilada,520g,N/A,$8.95,$1.72 per 100g,https://foodlandbalaklava.com.au//lines/o-e-paso-enchilada-kit-520gm-2
Foodland Balaklava,2025-05-04 23:55:28,Olga's Lamb Chevapchichi,400g,N/A,$8.60,$2.15 per 100g,https://foodlandbalaklava.com.au//lines/olga-s-lamb-chevapchichi-400g
Foodland Balaklava,2025-05-04 23:55:28,Olga's Lamb Yiros,500g,was $13.00,$12.90,$2.58 per 100g,https://foodlandbalaklava.com.au//lines/olga-s-lamb-yiros-500gm
Foodland Balaklava,2025-05-04 23:55:28,Olga's Schntzl C/​Brst Prm500gm,N/A,N/A,$11.45,$22.90 per kg,https://foodlandbalaklava.com.au//lines/olgas-chicken-parmigiana-schnitzel-500g
Foodland Balaklava,2025-05-04 23:55:28,Olina's Bakehouse Artisan Cracker Date & Apricot,100g,was $4.75,$3.50,$3.50 per 100g,https://foodlandbalaklava.com.au//lines/olina-s-art-crckr-date-apr-100gm
Foodland Balaklava,2025-05-04 23:55:28,Olives With Chilli/​Garlic,N/A,N/A,$25.00,N/A,https://foodlandbalaklava.com.au//lines/olives-with-chilli-garlic
Foodland Balaklava,2025-05-04 23:55:28,Omo Sensitive Laundry Liquid Laundry Detergent That Is Tough On Stains And Gentle On Skin Front & Top Loader Attacks Stains Even In A Quick And Cold W,N/A,was $29.40,$14.00,$7.00 per L,https://foodlandbalaklava.com.au//lines/omo-l-liq-f-t-sensitive-2l
Foodland Balaklava,2025-05-04 23:55:28,Omo Sensitive Washing Powder Tough On Stains And Gentle On Skin Front & Top Loader,2kg,was $29.40,$14.00,$7.00 per kg,https://foodlandbalaklava.com.au//lines/omo-l-pdr-fl-tl-sensitive-2kg
Foodland Balaklava,2025-05-04 23:55:28,Omo Ultimate Sensitive Laundry Liquid Attacks Ultra-Tough Stains And Is Gentle On Skin Front & Top Loader,2L,N/A,$32.00,$16.00 per L,https://foodlandbalaklava.com.au//lines/omo-l-liq-f-t-ult-sens-2l
Foodland Balaklava,2025-05-04 23:55:28,On The Menu 3 Cheese Macaroni,260g,N/A,$3.80,$1.46 per 100g,https://foodlandbalaklava.com.au//lines/o-menu-macaroni-3-chs-260gm
Foodland Balaklava,2025-05-04 23:55:28,On The Menu Beef Ragù Pappardelle,260g,N/A,$3.80,$1.46 per 100g,https://foodlandbalaklava.com.au//lines/o-menu-pappardelle-ragu-260gm
Foodland Balaklava,2025-05-04 23:55:28,On The Menu Big Feast Smoky BBQ Meatball,500g,N/A,$9.35,$1.87 per 100g,https://foodlandbalaklava.com.au//lines/o-menu-mbal-smk-bbq-bfst-500gm
Foodland Balaklava,2025-05-04 23:55:28,On The Menu Chicken Parma & Chips,480g,N/A,$9.35,$1.95 per 100g,https://foodlandbalaklava.com.au//lines/o-menu-chkn-parm-chips-480gm
Foodland Balaklava,2025-05-04 23:55:28,On The Menu Mac & Cheese Loaded,400g,was $6.30,$5.65,$1.41 per 100g,https://foodlandbalaklava.com.au//lines/o-menu-mac-chs-loaded-400gm
Foodland Balaklava,2025-05-04 23:55:28,"On The Menu Mains Beef, Bacon And Cheese Cottage Pie",400g,was $6.30,$5.65,$1.41 per 100g,https://foodlandbalaklava.com.au//lines/o-menu-cottage-pie-bc-chs400gm
Foodland Balaklava,2025-05-04 23:55:28,On The Menu Mains Butter Chicken,400g,was $6.30,$5.65,$1.41 per 100g,https://foodlandbalaklava.com.au//lines/o-menu-butter-chicken-400gm
Foodland Balaklava,2025-05-04 23:55:28,On The Menu Pub Faves Beef Rissoles,320g,was $7.75,$6.75,$2.11 per 100g,https://foodlandbalaklava.com.au//lines/o-menu-beef-rissoles-320gm
Foodland Balaklava,2025-05-04 23:55:28,On The Menu Singapore Noodles With Beef,260g,N/A,$3.80,$1.46 per 100g,https://foodlandbalaklava.com.au//lines/o-menu-singapore-noodles-260gm
Foodland Balaklava,2025-05-04 23:55:28,Optimum Dry Kitten Food Chicken,800g,was $13.15,$9.00,$1.12 per 100g,https://foodlandbalaklava.com.au//lines/optimum-kitten-chicken-800gm
Foodland Balaklava,2025-05-04 23:55:28,Optimum Grain Free Dry Dog Food Beef & Vegetables Bag,2.5kg,N/A,$24.15,$0.97 per 100g,https://foodlandbalaklava.com.au//lines/optimum-dog-grn-f-bf-veg-2-5kg
Foodland Balaklava,2025-05-04 23:55:28,Optimum Nutrition For Life™ Optimum Grain Free Dry Dog Food Chicken & Vegetables Bag,2.5kg,N/A,$24.15,$0.97 per 100g,https://foodlandbalaklava.com.au//lines/optimum-dog-grn-f-chk-veg2-5kg
Foodland Balaklava,2025-05-04 23:55:28,Oral-B Everyday Clean Electric Toothbrush Replacement Head - 2 Pack 2pk,N/A,N/A,$16.80,$8.40 Each,https://foodlandbalaklava.com.au//lines/oral-b-ebi7-2-precision-rf-pk2
Foodland Balaklava,2025-05-04 23:55:28,Oral-B Gum & Enamel Sensitive Care Mint Toothpaste,110g,N/A,$10.50,$9.55 per 100g,https://foodlandbalaklava.com.au//lines/oral-b-t-pste-gum-sns-rep110gm
Foodland Balaklava,2025-05-04 23:55:28,Oreo Caramilk Mini Munch,157g,N/A,$4.75,$3.03 per 100g,https://foodlandbalaklava.com.au//lines/oreo-caramilk-mini-munch-157g
Foodland Balaklava,2025-05-04 23:55:28,Oreo Double Stuff Neapolitan Flavoured Sandwich Biscuits,131g,N/A,$3.15,$2.40 per 100g,https://foodlandbalaklava.com.au//lines/oreo-ckie-neapolitan-anz-131gm
Foodland Balaklava,2025-05-04 23:55:28,Oreo Double Stuff Original Sandwich Biscuit,131g,N/A,$3.15,$2.40 per 100g,https://foodlandbalaklava.com.au//lines/oreo-ckie-dbl-stuffed-131gm
Foodland Balaklava,2025-05-04 23:55:28,Oso Aluminium Foil cm 30cm,30 x 20m,was $4.35,$3.50,$0.18 per cm,https://foodlandbalaklava.com.au//lines/oso-foil-aluminium-20m
Foodland Balaklava,2025-05-04 23:55:28,Oxo Stock Cubes Beef,71g,N/A,$2.95,$0.42 per 10g,https://foodlandbalaklava.com.au//lines/oxo-cubes-beef-12s
Foodland Balaklava,2025-05-04 23:55:28,Paddle Pop Ice Confection Caramel Flavour Rainbow Frozen Dessert Made With No Artificial Colours,544mL,N/A,$9.45,$1.74 per 100mL,https://foodlandbalaklava.com.au//lines/str-m-p-pad-pop-rainbow-8s
Foodland Balaklava,2025-05-04 23:55:28,Palmer's Cocoa Butter Lip Balm,4g,N/A,$5.25,$525.00 per 100g,https://foodlandbalaklava.com.au//lines/palmers-lip-balm-cocoa-btr-4gm-1
Foodland Balaklava,2025-05-04 23:55:28,Palmolive Antibacterial Liquid Soap Refill,1L,was $7.90,$7.20,$0.72 per 100mL,https://foodlandbalaklava.com.au//lines/palm-anti-bac-ref-1l
Foodland Balaklava,2025-05-04 23:55:29,Palmolive Foaming Liquid Handwash Cherry Blossom,1L,was $9.45,$6.20,$0.62 per 100mL,https://foodlandbalaklava.com.au//lines/palm-l-soap-foam-cherry-rf-1l
Foodland Balaklava,2025-05-04 23:55:29,"Palmolive Luminous Oils Hair Conditioner, Northern Rivers Macadamia, Argan & Camellia, , Strengthen And Protect",350mL,was $6.30,$5.15,$1.47 per 100mL,https://foodlandbalaklava.com.au//lines/palm-l-oil-cond-arg-oil-350ml
Foodland Balaklava,2025-05-04 23:55:29,"Palmolive Luminous Oils Hair Shampoo, Northern Rivers Macadamia, Argan Oil & Camellia, , Strengthen And Protect",350mL,was $6.30,$5.15,$1.47 per 100mL,https://foodlandbalaklava.com.au//lines/palm-l-oil-s-poo-arg-oil-350ml
Foodland Balaklava,2025-05-04 23:55:29,"Palmolive Naturals Bar Soap, 4 Pack X , Moisture Care With Natural Milk & Honey",4 x 90g,was $5.25,$4.50,$1.25 per 100g,https://foodlandbalaklava.com.au//lines/palm-nat-soap-milk-hney-4x90gm
Foodland Balaklava,2025-05-04 23:55:29,Palmolive Naturals Smooth & Shine Conditioner Macadamia Oil + Keratin,350mL,was $6.30,$5.00,$1.43 per 100mL,https://foodlandbalaklava.com.au//lines/palm-nat-cond-smth-shine-350ml
Foodland Balaklava,2025-05-04 23:55:29,Palmolive Naturals Vibrant Colour Conditioner Avocado,350mL,was $6.30,$5.00,$1.43 per 100mL,https://foodlandbalaklava.com.au//lines/palm-nat-cond-vib-colour-350ml
Foodland Balaklava,2025-05-04 23:55:29,Pampas Frozen Light Puff Pastry 6 Sheets,1kg,was $6.85,$5.50,$0.55 per 100g,https://foodlandbalaklava.com.au//lines/pampas-puff-pastry-red-fat-1kg
Foodland Balaklava,2025-05-04 23:55:29,Pampas Frozen Shortcrust Pastry 5 Sheets,1kg,was $7.35,$5.50,$0.55 per 100g,https://foodlandbalaklava.com.au//lines/pampas-pastry-s-crust-1kg
Foodland Balaklava,2025-05-04 23:55:29,Panadol Liquid Caps 16s - Au Only,N/A,N/A,$5.25,$0.33 Each,https://foodlandbalaklava.com.au//lines/panadol-liquid-caps-16s
Foodland Balaklava,2025-05-04 23:55:29,Panadol Mini Caps 500mg 16s,N/A,N/A,$4.75,$0.30 Each,https://foodlandbalaklava.com.au//lines/panadol-mini-cap-16s
Foodland Balaklava,2025-05-04 23:55:29,Panadol Optizorb 16 Caplets,N/A,N/A,$3.95,$0.25 Each,https://foodlandbalaklava.com.au//lines/panadol-caplets-optizorb-16s
Foodland Balaklava,2025-05-04 23:55:29,Pandaroo Sushi Nori,25g,was $4.10,$3.40,$13.60 per 100g,https://foodlandbalaklava.com.au//lines/pandaroo-sushi-nori-25gm
Foodland Balaklava,2025-05-04 23:55:29,Pandaroo Thai Rice Noodles,200g,was $2.20,$2.05,$1.02 per 100g,https://foodlandbalaklava.com.au//lines/pandaroo-ndle-rice-thai-200gm
Foodland Balaklava,2025-05-04 23:55:29,Pantene Pro-V Shampoo Daily Moisture Renewal,375mL,N/A,$10.00,$2.67 per 100mL,https://foodlandbalaklava.com.au//lines/pantene-s-poo-d-moist-rnw375ml
Foodland Balaklava,2025-05-04 23:55:29,Pantene Pro-V Smooth & Sleek Shampoo: Smoothing Shampoo For Frizzy Hair,375mL,N/A,$10.00,$2.67 per 100mL,https://foodlandbalaklava.com.au//lines/pantene-s-poo-smth-sleek-375ml
Foodland Balaklava,2025-05-04 23:55:29,Parker's Pretzels Minis Entertaining Size Party Bag Salted,225g,was $5.05,$3.50,$1.56 per 100g,https://foodlandbalaklava.com.au//lines/parkers-pretzel-mini-225gm
Foodland Balaklava,2025-05-04 23:55:29,Party Moments Oval Sugar Cane Dinner Plates,N/A,was $3.80,$3.30,$0.41 Each,https://foodlandbalaklava.com.au//lines/pm-sugar-cane-oval-plates-8pk-31cm
Foodland Balaklava,2025-05-04 23:55:29,Pasta Master Beef Lasagne,550g,N/A,$8.40,$1.53 per 100g,https://foodlandbalaklava.com.au//lines/psta-mstr-lasagne-bf-lean550gm-1
Foodland Balaklava,2025-05-04 23:55:29,Patak's Butter Chicken Paste,312g,was $8.20,$7.70,$2.66 per 100g,https://foodlandbalaklava.com.au//lines/pataks-curry-pste-btr-chk312gm
Foodland Balaklava,2025-05-04 23:55:29,Patties Party Pasties Classic,500g,N/A,$9.70,$1.94 per 100g,https://foodlandbalaklava.com.au//lines/patties-pasties-party12s-500gm
Foodland Balaklava,2025-05-04 23:55:29,Pauls Bluey Kids Chocolate Flavoured Milk,250mL,was $2.60,$2.00,$8.00 per L,https://foodlandbalaklava.com.au//lines/pauls-milk-bluey-chocolate-250ml
Foodland Balaklava,2025-05-04 23:55:29,Pauls Farmhouse Gold Full Cream Milk,1.5L,N/A,$4.75,$3.17 per L,https://foodlandbalaklava.com.au//lines/pauls-milk-f-hs-gold-1-5l
Foodland Balaklava,2025-05-04 23:55:29,Pauls Full Cream Longlife Milk,1L,was $3.15,$2.85,$2.85 per L,https://foodlandbalaklava.com.au//lines/pauls-milk-full-cream-uht-1l
Foodland Balaklava,2025-05-04 23:55:29,Pauls Kids Despicable Me Minions Chocolate Mousse,12 x 50g,N/A,$8.40,$1.40 per 100g,https://foodlandbalaklava.com.au//lines/pauls-mousse-kids-chc-12x50gm
Foodland Balaklava,2025-05-04 23:55:29,Pauls Low Fat Chocolate Mousse,2 x 62g,N/A,$3.15,$2.54 per 100g,https://foodlandbalaklava.com.au//lines/pauls-mousse-lf-choc-2x62gm
Foodland Balaklava,2025-05-04 23:55:29,Pauls Vanilla Custard Pouch,140g,was $2.50,$2.20,$1.57 per 100g,https://foodlandbalaklava.com.au//lines/pauls-cust-van-140gm
Foodland Balaklava,2025-05-04 23:55:29,Pears Duchess Per Kg,N/A,N/A,$2.99,N/A,https://foodlandbalaklava.com.au//lines/pears-duchess-per-kg
Foodland Balaklava,2025-05-04 23:55:29,Peckish Rice Crackers BBQ,90g,N/A,$2.70,$3.00 per 100g,https://foodlandbalaklava.com.au//lines/peckish-rc-bbq-90g
Foodland Balaklava,2025-05-04 23:55:29,Peckish Rice Crackers Original,90g,N/A,$2.70,$3.00 per 100g,https://foodlandbalaklava.com.au//lines/peckish-rc-original-90g
Foodland Balaklava,2025-05-04 23:55:29,Peculiar Pick Lemons,500g,was $8.50,$4.00,$0.80 per 100g,https://foodlandbalaklava.com.au//lines/peculiar-pick-lemons-500g
Foodland Balaklava,2025-05-04 23:55:29,Peculiar Pick Oranges,1.5kg,was $5.50,$4.90,$3.27 per kg,https://foodlandbalaklava.com.au//lines/oranges-navel-1-5kg
Foodland Balaklava,2025-05-04 23:55:29,Pedigree Adult Dry Dog Food Chicken Bag,8kg,was $35.70,$25.50,$0.32 per 100g,https://foodlandbalaklava.com.au//lines/pedigr-chicken-adult-8kg
Foodland Balaklava,2025-05-04 23:55:29,"Pedigree Adult Wet Dog Food Chicken, Rice & Vegies Homestyle Can",1.2kg,N/A,$4.00,$0.33 per 100g,https://foodlandbalaklava.com.au//lines/pedigr-h-style-ch-rce-veg1-2kg
Foodland Balaklava,2025-05-04 23:55:29,"Pedigree Adult Wet Dog Food With Beef, Vegies & Gravy Casserole Can",700g,N/A,$3.50,$0.50 per 100g,https://foodlandbalaklava.com.au//lines/pedigr-casserole-beef-700gm
Foodland Balaklava,2025-05-04 23:55:29,Pedigree Dentastix Daily Oral Care Large Dog Treat Triple Action Dental Chew 56 Sticks Box,N/A,was $44.65,$34.00,$0.61 Each,https://foodlandbalaklava.com.au//lines/pedigr-dentastix-large-270gm
Foodland Balaklava,2025-05-04 23:55:29,Penfield Australian Extra Virgin Olive Oil,750mL,was $30.75,$24.30,$3.24 per 100mL,https://foodlandbalaklava.com.au//lines/p-field-ex-virgin-olve-oil-750ml
Foodland Balaklava,2025-05-04 23:55:29,Penfield Capsicum Rst Pkl465gm,N/A,N/A,$5.10,$1.10 per 100g,https://foodlandbalaklava.com.au//lines/penfield-pckld-red-rstd-capsicum-465gm
Foodland Balaklava,2025-05-04 23:55:29,Perfect Italiano Perfect Bakes Grated Cheese,150g,was $4.75,$4.00,$26.67 per kg,https://foodlandbalaklava.com.au//lines/perfect-chse-bake-shrd-150gm
Foodland Balaklava,2025-05-04 23:55:29,Perfect Italiano Perfect Melt 4 Cheeses Grated,150g,was $4.75,$4.00,$26.67 per kg,https://foodlandbalaklava.com.au//lines/perfect-chse-4-melt-shrd-150gm
Foodland Balaklava,2025-05-04 23:55:29,Peters Drumstick Vanilla 24pack 2.​85,N/A,was $37.80,$24.00,$0.84 per 100mL,https://foodlandbalaklava.com.au//lines/peters-m-p-d-stk-vanilla-24s
Foodland Balaklava,2025-05-04 23:55:29,Philadelphia Cooking Cream Light,240mL,N/A,$3.45,$1.44 per 100mL,https://foodlandbalaklava.com.au//lines/philly-crm-cookng-lte-240ml
Foodland Balaklava,2025-05-04 23:55:29,Philadelphia Spreadable Cream Cheese Original,250g,N/A,$5.70,$22.80 per kg,https://foodlandbalaklava.com.au//lines/philly-sft-sprdbl-tub-250gm
Foodland Balaklava,2025-05-04 23:55:29,Piksters Supagrip Floss Picks 20pk,N/A,was $3.70,$3.10,$0.16 Each,https://foodlandbalaklava.com.au//lines/pikstrs-supagrip-20s
Foodland Balaklava,2025-05-04 23:55:29,Pilot Frixon Ball Erasable Pen Black,N/A,N/A,$3.85,N/A,https://foodlandbalaklava.com.au//lines/pilot-pen-erasble-black
Foodland Balaklava,2025-05-04 23:55:29,Pine O Cleen Disinfectant Biodegradable Wipes Eucalyptus 110 Pack,N/A,was $12.60,$11.25,$0.10 Each,https://foodlandbalaklava.com.au//lines/pine-o-cleen-wipes-euc-110s
Foodland Balaklava,2025-05-04 23:55:29,Pine O Cleen Disinfectant Multipurpose Liquid Eucalyptus,5L,N/A,$21.00,$0.42 per 100mL,https://foodlandbalaklava.com.au//lines/pine-o-cleen-eucalyptus-5l
Foodland Balaklava,2025-05-04 23:55:29,Pine O Cleen Washing Machine Cleaner Fresh,250mL,N/A,$8.40,$3.36 per 100mL,https://foodlandbalaklava.com.au//lines/pine-o-cleen-cln-mach-frs250ml
Foodland Balaklava,2025-05-04 23:55:29,Plums Per Kg,N/A,N/A,$6.85,N/A,https://foodlandbalaklava.com.au//lines/plums-per-kg-2
Foodland Balaklava,2025-05-04 23:55:30,Pods Mars Chocolate Snack & Share Party Bag,160g,was $7.35,$5.40,$3.38 per 100g,https://foodlandbalaklava.com.au//lines/pods-mars-pch-160gm
Foodland Balaklava,2025-05-04 23:55:30,Poppin Microwave Popcorn Butter Flavour,4 x 100g,was $7.35,$5.50,$1.38 per 100g,https://foodlandbalaklava.com.au//lines/poppin-m-w-p-corn-butter-400gm
Foodland Balaklava,2025-05-04 23:55:30,Potatoes Baby,N/A,N/A,$7.50,N/A,https://foodlandbalaklava.com.au//lines/potatoes-baby
Foodland Balaklava,2025-05-04 23:55:30,Powerade Light/​Zero Powerade Mountain Blast Zero Sports Drink Sipper Cap,600mL,was $4.60,$3.55,$5.92 per L,https://foodlandbalaklava.com.au//lines/powerade-zero-mt-blst-sip600ml
Foodland Balaklava,2025-05-04 23:55:30,Praise Coleslaw 99% Fat Free Dressing,330mL,was $3.80,$3.00,$0.91 per 100mL,https://foodlandbalaklava.com.au//lines/praise-drs-coleslaw-99-ff330ml
Foodland Balaklava,2025-05-04 23:55:30,Praise Garlic Aioli,250mL,was $4.75,$4.00,$1.60 per 100mL,https://foodlandbalaklava.com.au//lines/praise-deli-aioli-classic250ml
Foodland Balaklava,2025-05-04 23:55:30,Praise Traditional Mayo,230g,N/A,$3.70,$1.48 per 100g,https://foodlandbalaklava.com.au//lines/praise-mayo-trad-sqz-230g
Foodland Balaklava,2025-05-04 23:55:30,Premium Beef Rump Cap Rw,N/A,was $24.73,$21.00,N/A,https://foodlandbalaklava.com.au//lines/premium-beef-rump-cap-rw
Foodland Balaklava,2025-05-04 23:55:30,President Double Brie,200g,was $11.55,$7.00,$35.00 per kg,https://foodlandbalaklava.com.au//lines/president-chs-dbl-brie-200gm
Foodland Balaklava,2025-05-04 23:55:30,Presswurst Gherkin,N/A,N/A,$21.00,N/A,https://foodlandbalaklava.com.au//lines/presswurst-gherkin-1
Foodland Balaklava,2025-05-04 23:55:30,Primo Arnott's Jatz & Tasty Cheese,33g,was $3.55,$2.80,$84.85 per kg,https://foodlandbalaklava.com.au//lines/primo-chse-tsty-jatz-33gm
Foodland Balaklava,2025-05-04 23:55:30,Primo BBQ Lovers Cabanossi Cheese & BBQ Shapes,50g,N/A,$4.75,$95.00 per kg,https://foodlandbalaklava.com.au//lines/primo-trio-chs-cab-shpe-50gm
Foodland Balaklava,2025-05-04 23:55:30,Primo Diced Pancetta,120g,was $6.00,$4.50,$37.50 per kg,https://foodlandbalaklava.com.au//lines/primo-pancetta-diced-120gm
Foodland Balaklava,2025-05-04 23:55:30,Primo Italian Style Antipasto,100g,N/A,$9.15,$91.50 per kg,https://foodlandbalaklava.com.au//lines/primo-prty-pltr-itl-gour-100gm
Foodland Balaklava,2025-05-04 23:55:30,Primo Stackers Mild Salami Cheddar Cheese & Crackers,50g,N/A,$4.75,$95.00 per kg,https://foodlandbalaklava.com.au//lines/primo-salami-mld-stacker-50gm
Foodland Balaklava,2025-05-04 23:55:30,Primo Thin Franks,1kg,was $8.30,$8.15,$8.15 per kg,https://foodlandbalaklava.com.au//lines/primo-frankfurts-slim-1kg
Foodland Balaklava,2025-05-04 23:55:30,"Primo Trios Mild Pepperoni Twiggy, Tasty Cheese & Shapes Pizza",54g,N/A,$4.75,$87.96 per kg,https://foodlandbalaklava.com.au//lines/primo-trio-chs-pep-shpe-54gm
Foodland Balaklava,2025-05-04 23:55:30,Pringles Minis Sour Cream & Onion,95g,N/A,$4.20,$4.42 per 100g,https://foodlandbalaklava.com.au//lines/pringles-chips-s-crm-on-5x19gm
Foodland Balaklava,2025-05-04 23:55:30,Prosciutto,N/A,N/A,$45.00,N/A,https://foodlandbalaklava.com.au//lines/prosciutto
Foodland Balaklava,2025-05-04 23:55:30,Purina Friskies Adult 7 Dry Cat Food,2.5kg,N/A,$15.50,$0.62 per 100g,https://foodlandbalaklava.com.au//lines/friskies-adult-seven-2-5kg
Foodland Balaklava,2025-05-04 23:55:30,Queen Natural Essence Vanilla,50mL,N/A,$4.20,$8.40 per 100mL,https://foodlandbalaklava.com.au//lines/queen-ess-nat-vanilla-50ml
Foodland Balaklava,2025-05-04 23:55:30,Queen Sprinkles Unicorn Confetti,110g,was $4.40,$3.90,$3.39 per 100g,https://foodlandbalaklava.com.au//lines/queen-sprinkle-unicorn-115gm
Foodland Balaklava,2025-05-04 23:55:30,R/​Fresh Caesar Cos,150g,N/A,$2.99,N/A,https://foodlandbalaklava.com.au//lines/r-fresh-caesar-cos-150g-1
Foodland Balaklava,2025-05-04 23:55:30,Radox Shower Gel For A Reviving Shower Feel Oxygenated Body Wash With Grapefruit & Cedarwood Fragrance,1L,was $12.60,$9.00,$0.90 per 100mL,https://foodlandbalaklava.com.au//lines/radox-shwr-gel-oxygen-1l
Foodland Balaklava,2025-05-04 23:55:30,Rafferty's Garden Baby's Bolognese With Macaroni Lumpy,170g,was $2.95,$2.50,$1.47 per 100g,https://foodlandbalaklava.com.au//lines/rafferty-bolnse-macaroni-170gm
Foodland Balaklava,2025-05-04 23:55:30,"Rafferty's Garden Chicken, Peas & Wholemeal Pasta",120g,was $2.25,$2.00,$1.67 per 100g,https://foodlandbalaklava.com.au//lines/rafferty-chk-pea-wml-psta120gm
Foodland Balaklava,2025-05-04 23:55:30,Raguletto Napolitana Tomato & Garlic Bolognese Sauce,500g,N/A,$2.70,$0.54 per 100g,https://foodlandbalaklava.com.au//lines/ragulet-p-sce-napolitan-500gm-2
Foodland Balaklava,2025-05-04 23:55:30,Raid Pest Odourless Flying Insect Spray Killer,350g,N/A,$6.10,$1.74 per 100g,https://foodlandbalaklava.com.au//lines/raid-prot-hypo-allergenic-350g
Foodland Balaklava,2025-05-04 23:55:30,Razza Mattaz Assorted Footlet Size 8+,N/A,was $9.45,$4.50,N/A,https://foodlandbalaklava.com.au//lines/razza-footlet-asst-8-3pk
Foodland Balaklava,2025-05-04 23:55:30,Ready Chef Homestyle Lasagne,2kg,was $18.85,$17.50,$0.88 per 100g,https://foodlandbalaklava.com.au//lines/ready-chef-lasagne-beef-2kg-1
Foodland Balaklava,2025-05-04 23:55:30,Real Foods Corn Thins Multigrain,N/A,N/A,$2.20,$1.47 per 100g,https://foodlandbalaklava.com.au//lines/real-corn-thins-mltgrain-150gm
Foodland Balaklava,2025-05-04 23:55:30,Red Cayenne Chillies,50g,N/A,$5.10,$102.00 per kg,https://foodlandbalaklava.com.au//lines/chilli-red-cayenne-50g
Foodland Balaklava,2025-05-04 23:55:30,Red Rock Deli Potato Chips Entertaining Share Pack Lime & Pepper,165g,was $6.00,$4.50,$2.73 per 100g,https://foodlandbalaklava.com.au//lines/rr-deli-chip-lime-pepper-165gm
Foodland Balaklava,2025-05-04 23:55:30,"Red Rock Deli Roasted Sweet Potato, Smoked Paprika & Cashew Dip",136g,was $5.25,$4.50,$3.33 per 100g,https://foodlandbalaklava.com.au//lines/rr-deli-dip-swt-pot-cshw-135gm
Foodland Balaklava,2025-05-04 23:55:30,Redwin Sorbolene Moisturiser,1.1L,N/A,$11.55,$1.05 per 100mL,https://foodlandbalaklava.com.au//lines/redwin-sorb-lotion-1-1l
Foodland Balaklava,2025-05-04 23:55:30,Redwin Sorbolene Moisturiser,100g,N/A,$5.25,$5.25 per 100g,https://foodlandbalaklava.com.au//lines/redwin-sorb-lotion-vit-e-100gm
Foodland Balaklava,2025-05-04 23:55:30,Rexona Men Antiperspirant Aerosol Advanced Sport,220mL,N/A,$10.00,$4.55 per 100mL,https://foodlandbalaklava.com.au//lines/rexona-ap-adv-men-sport-220ml
Foodland Balaklava,2025-05-04 23:55:30,Rexona Women Antiperspirant Aerosol Hypoallergenic,250mL,was $8.95,$6.00,$2.40 per 100mL,https://foodlandbalaklava.com.au//lines/rexona-deod-hyp-alg-lofrg250ml
Foodland Balaklava,2025-05-04 23:55:30,Rexona Women Clinical Protection Antiperspirant Deodorant Aerosol Summer Strength For 3x Stronger Protection*,180mL,N/A,$12.60,$7.00 per 100mL,https://foodlandbalaklava.com.au//lines/rexona-ap-clncl-summr-180ml
Foodland Balaklava,2025-05-04 23:55:30,Rice King F/​Rce BBQ Prk,500g,N/A,$11.50,$2.30 per 100g,https://foodlandbalaklava.com.au//lines/rkf-fried-rice-bbq-pork-500gm
Foodland Balaklava,2025-05-04 23:55:30,Roast Pork Hot,N/A,N/A,$23.99,N/A,https://foodlandbalaklava.com.au//lines/roast-pork-hot
Foodland Balaklava,2025-05-04 23:55:30,Roast Pork Slices,N/A,N/A,$25.99,N/A,https://foodlandbalaklava.com.au//lines/roast-pork-slices-1
Foodland Balaklava,2025-05-04 23:55:30,"Robitussin Cold & Chesty Cough, Cough Liquid",200mL,was $13.15,$11.25,$5.62 per 100mL,https://foodlandbalaklava.com.au//lines/robitussin-pe-cld-ccough-200ml
Foodland Balaklava,2025-05-04 23:55:30,Rolls Focaccia,N/A,N/A,$1.30,$1.18 per 100g,https://foodlandbalaklava.com.au//lines/rolls-focaccia
Foodland Balaklava,2025-05-04 23:55:30,Rosella Fruit Chutney,525g,was $4.99,$4.10,$0.78 per 100g,https://foodlandbalaklava.com.au//lines/ros-chutney-fruit-525gm
Foodland Balaklava,2025-05-04 23:55:30,Sakata Chicken Flavoured Rice Crackers,90g,N/A,$2.10,$2.33 per 100g,https://foodlandbalaklava.com.au//lines/sakata-rice-crkr-chicken-90g
Foodland Balaklava,2025-05-04 23:55:30,Sakata Classic BBQ Rice Crackers,90g,N/A,$2.10,$2.33 per 100g,https://foodlandbalaklava.com.au//lines/sakata-rice-crkr-bbq-90g
Foodland Balaklava,2025-05-04 23:55:30,Sam's Vitamin Pineapple,375mL,N/A,$4.70,$1.25 per 100mL,https://foodlandbalaklava.com.au//lines/sam-s-pineapple-375ml
Foodland Balaklava,2025-05-04 23:55:31,Samboy Barbecue Generic Size,N/A,was $5.25,$3.60,$2.06 per 100g,https://foodlandbalaklava.com.au//lines/samboy-chips-bbq-175gm
Foodland Balaklava,2025-05-04 23:55:31,San Remo Egg Pasta Fettuccine Noodles,250g,was $2.00,$1.85,$0.74 per 100g,https://foodlandbalaklava.com.au//lines/s-remo-egg-noodle-fett-250gm
Foodland Balaklava,2025-05-04 23:55:31,San Remo Egg Pasta Noodles Vermicelli,250g,was $2.00,$1.85,$0.74 per 100g,https://foodlandbalaklava.com.au//lines/s-remo-egg-noodle-vermicl250gm
Foodland Balaklava,2025-05-04 23:55:31,San Remo Fresh Egg Fettuccine,375g,was $5.45,$4.95,$1.32 per 100g,https://foodlandbalaklava.com.au//lines/s-remo-trad-fettucine-egg375gm
Foodland Balaklava,2025-05-04 23:55:31,San Remo Instant Cannelloni,250g,was $3.15,$2.70,$1.08 per 100g,https://foodlandbalaklava.com.au//lines/s-remo-cannelloni-instant250gm
Foodland Balaklava,2025-05-04 23:55:31,San Remo No. 28 Small Shells,500g,N/A,$2.95,$0.59 per 100g,https://foodlandbalaklava.com.au//lines/s-remo-shells-small-no28-500gm
Foodland Balaklava,2025-05-04 23:55:31,San Remo Traditional Gnocchi,500g,was $3.75,$3.50,$0.70 per 100g,https://foodlandbalaklava.com.au//lines/s-remo-gnocchi-trad-500gm
Foodland Balaklava,2025-05-04 23:55:31,Sanitarium Weet-Bix Bites Wild Berry Breakfast Cereal,500g,N/A,$6.00,$1.20 per 100g,https://foodlandbalaklava.com.au//lines/sanit-weet-bix-bite-w-bry500gm
Foodland Balaklava,2025-05-04 23:55:31,Sanitarium Weet-Bix Breakfast Cereal,375g,N/A,$3.50,$0.93 per 100g,https://foodlandbalaklava.com.au//lines/sanit-weet-bix-375gm
Foodland Balaklava,2025-05-04 23:55:31,Sanitarium Weet-Bix Breakfast Cereal,575g,N/A,$4.40,$0.77 per 100g,https://foodlandbalaklava.com.au//lines/sanit-weet-bix-575gm
Foodland Balaklava,2025-05-04 23:55:31,Sanitarium Weet-Bix Cholesterol Lowering Breakfast Cereal,440g,was $7.35,$5.50,$1.25 per 100g,https://foodlandbalaklava.com.au//lines/sanit-weet-bix-chlst-low-440gm
Foodland Balaklava,2025-05-04 23:55:31,Saxa® Table Salt Picnic Pack,125g,N/A,$2.95,$2.36 per 100g,https://foodlandbalaklava.com.au//lines/saxa-salt-picnic-pack-125gm
Foodland Balaklava,2025-05-04 23:55:31,Schick Silk 3 Sensitive Disposable Razors 4pk 4pk,N/A,N/A,$6.30,$1.58 Each,https://foodlandbalaklava.com.au//lines/schick-et3-disp-womens-4s
Foodland Balaklava,2025-05-04 23:55:31,Schmackos Real Beefy Air-Dried Stix Dog Treats With Beef Bag,500g,was $17.00,$8.50,$1.70 per 100g,https://foodlandbalaklava.com.au//lines/schmackos-stix-beef-500gm
Foodland Balaklava,2025-05-04 23:55:31,Schmackos Real Beefy Air-Dried Strapz Dog Treats With Beef Bag,500g,was $17.00,$8.50,$1.70 per 100g,https://foodlandbalaklava.com.au//lines/schmackos-strp-beef-500gm
Foodland Balaklava,2025-05-04 23:55:31,Schweppes Lemon Lime Natural Mineral Water Bottle,1.1L,was $3.00,$1.80,$1.64 per L,https://foodlandbalaklava.com.au//lines/schw-m-wtr-lem-lime-1-1l
Foodland Balaklava,2025-05-04 23:55:31,Scooby Doo Assorted Fruit Iddy Biddies,160g,was $4.60,$4.30,$2.69 per 100g,https://foodlandbalaklava.com.au//lines/scooby-doo-fruit-bites-g-f-160g-1
Foodland Balaklava,2025-05-04 23:55:31,Sellotape Sticky Tape 18mmx25m 2pk,N/A,N/A,$4.15,N/A,https://foodlandbalaklava.com.au//lines/sellotape-stcky-tape-18x25-2pk
Foodland Balaklava,2025-05-04 23:55:31,Semi Dried Tomatoes,N/A,N/A,$25.00,N/A,https://foodlandbalaklava.com.au//lines/semi-dried-tomatoes
Foodland Balaklava,2025-05-04 23:55:31,Sharwoods Korma Curry Paste,280g,N/A,$6.50,$2.32 per 100g,https://foodlandbalaklava.com.au//lines/sharwood-curry-pst-korma-280gm
Foodland Balaklava,2025-05-04 23:55:31,Siena Crunchy Dill Gherkins,680g,N/A,$2.99,N/A,https://foodlandbalaklava.com.au//lines/siena-crunchy-dill-gherkins-680g
Foodland Balaklava,2025-05-04 23:55:31,Sistema Klip It Plus Cereal Food Storage Container,5.5L,N/A,$16.55,N/A,https://foodlandbalaklava.com.au//lines/sistema-klip-it-cereal-4-2l
Foodland Balaklava,2025-05-04 23:55:31,Skittles Fruits Chewy Lollies Tube,30g,was $2.65,$1.25,$4.17 per 100g,https://foodlandbalaklava.com.au//lines/skittles-fruit-ofs-30g
Foodland Balaklava,2025-05-04 23:55:31,Slape & Sons BBQ Chipolata,480g,N/A,$5.50,$11.46 per kg,https://foodlandbalaklava.com.au//lines/slapes-bbq-chipolata-480g-1
Foodland Balaklava,2025-05-04 23:55:31,Slape & Sons Pork Chipolatas,480g,N/A,$6.75,$14.06 per kg,https://foodlandbalaklava.com.au//lines/slapes-british-pork-chip-480g-1
Foodland Balaklava,2025-05-04 23:55:31,Slape Saus BBQ Honey,480g,N/A,$6.75,$14.06 per kg,https://foodlandbalaklava.com.au//lines/slape-saus-bbq-honey-480g
Foodland Balaklava,2025-05-04 23:55:31,Slapes Fresh Cheese Kransky,480g,N/A,$8.75,$18.23 per kg,https://foodlandbalaklava.com.au//lines/slapes-fresh-cheese-kransky-1
Foodland Balaklava,2025-05-04 23:55:31,Smith's Double Crunch Potato Chips Share Pack Salt And Vinegar,150g,was $5.25,$4.55,$3.03 per 100g,https://foodlandbalaklava.com.au//lines/smiths-extra-crnch-slt-vn150gm
Foodland Balaklava,2025-05-04 23:55:31,Snickers Coffee Flavoured Milk Chocolate Bar,44g,was $2.65,$1.25,$2.84 per 100g,https://foodlandbalaklava.com.au//lines/snickers-coffee-bar-44g
Foodland Balaklava,2025-05-04 23:55:31,So Good Lite Soy Milk,1L,N/A,$2.45,$2.45 per L,https://foodlandbalaklava.com.au//lines/sanit-so-good-soy-lite-1l
Foodland Balaklava,2025-05-04 23:55:31,So Good Unsweetened Almond Milk,1L,N/A,$2.90,$2.90 per L,https://foodlandbalaklava.com.au//lines/sanit-so-good-alm-milk-unswt1l
Foodland Balaklava,2025-05-04 23:55:31,Solo Thirst Crusher Original Lemon Soft Drink Bottle,1.25L,was $3.70,$3.20,$2.56 per L,https://foodlandbalaklava.com.au//lines/solo-1-25l
Foodland Balaklava,2025-05-04 23:55:31,Sopressa,N/A,N/A,$29.00,N/A,https://foodlandbalaklava.com.au//lines/sopressa-1
Foodland Balaklava,2025-05-04 23:55:31,Sorbent 3 Ply Hypo-Allergenic Toilet Paper Rolls - 12 Pack,N/A,N/A,$11.55,$0.53 per 100 Sheets,https://foodlandbalaklava.com.au//lines/sorbent-t-roll-hypo-al-ext12pk
Foodland Balaklava,2025-05-04 23:55:31,Sorbent 3 Ply Silky White Toilet Tissue - 8 Pack,N/A,was $8.40,$5.50,$0.38 per 100 Sheets,https://foodlandbalaklava.com.au//lines/sorbent-t-roll-white-ext-8pk
Foodland Balaklava,2025-05-04 23:55:31,Sorbent Hypo-Allergenic Toilet Roll 8pk,N/A,was $8.40,$5.50,$0.38 per 100 Sheets,https://foodlandbalaklava.com.au//lines/sorbent-t-roll-hypo-ext-8pk
Foodland Balaklava,2025-05-04 23:55:31,South Australian Gourmet Food Company Green Pea & Smoky Bacon Soup,430g,N/A,$3.00,$0.70 per 100g,https://foodlandbalaklava.com.au//lines/sagfc-soup-pea-smk-bac-430gm
Foodland Balaklava,2025-05-04 23:55:31,Spc 25% Less Sugar Diced Fruit Salad In Juice Fruit Cups,4 x 120g,N/A,$4.95,$10.31 per kg,https://foodlandbalaklava.com.au//lines/spc-frt-sld-snk-l-sug-4x120gm
Foodland Balaklava,2025-05-04 23:55:31,Spc Baked Beans Rich Tomato Multipack,4 x 140g,N/A,$5.80,$1.04 per 100g,https://foodlandbalaklava.com.au//lines/spc-baked-beans-rch-tom4x140gm
Foodland Balaklava,2025-05-04 23:55:31,Spc Minecraft Diced Pears In Juice Fruit Cups,4 x 120g,N/A,$4.95,$10.31 per kg,https://foodlandbalaklava.com.au//lines/spc-pears-dcd-in-jce-4x120gm
Foodland Balaklava,2025-05-04 23:55:31,Spc Sliced Peaches In Juice,410g,N/A,$3.35,$8.17 per kg,https://foodlandbalaklava.com.au//lines/spc-peaches-sliced-juice-410gm
Foodland Balaklava,2025-05-04 23:55:31,Spc Spaghetti Cheesy Cheddar,420g,N/A,$2.65,$0.63 per 100g,https://foodlandbalaklava.com.au//lines/spc-spaghetti-cheesy-ched420gm
Foodland Balaklava,2025-05-04 23:55:31,Spring Gully Sweet Spiced Gherkins,550g,N/A,$5.25,$9.55 per kg,https://foodlandbalaklava.com.au//lines/s-gully-gherkn-swt-spc-550gm
Foodland Balaklava,2025-05-04 23:55:31,Sprite Lemonade Soft Drink Multipack Cans,10 x 375mL,was $21.00,$12.00,$3.20 per L,https://foodlandbalaklava.com.au//lines/sprite-can-10x375ml
Foodland Balaklava,2025-05-04 23:55:31,Starbucks® By Nespresso® Breakfast Blend Coffee Pods,56g,was $9.15,$6.50,$11.61 per 100g,https://foodlandbalaklava.com.au//lines/s-bucks-caps-bfast-rst-12s
Foodland Balaklava,2025-05-04 23:55:31,Steggles Family Roast Chicken,N/A,N/A,$12.74,$5.79 per kg,https://foodlandbalaklava.com.au//lines/steggles-chickens-1
Foodland Balaklava,2025-05-04 23:55:31,Streets Icy Treats Variety Pack 26pack,N/A,was $26.15,$22.60,$1.23 per 100mL,https://foodlandbalaklava.com.au//lines/str-m-p-icy-treats-var-pk-26s
Foodland Balaklava,2025-05-04 23:55:31,Strepsils Herbal Immune Support Lozenges Elderberry 16s,N/A,N/A,$8.40,$0.52 Each,https://foodlandbalaklava.com.au//lines/strepsils-herb-imune-eld-ec16s
Foodland Balaklava,2025-05-04 23:55:32,Sudocrem,250g,N/A,$26.25,$10.50 per 100g,https://foodlandbalaklava.com.au//lines/sudocrem-healing-cream-250gm
Foodland Balaklava,2025-05-04 23:55:32,Suimin Noodle Cup Prawn & Chicken,70g,N/A,$2.50,$3.57 per 100g,https://foodlandbalaklava.com.au//lines/suimin-cup-prawn-chicken-70gm
Foodland Balaklava,2025-05-04 23:55:32,Suimin Rice Crackers Chicken,100g,was $2.35,$2.00,$2.00 per 100g,https://foodlandbalaklava.com.au//lines/suimin-rice-crk-chkn-100gm
Foodland Balaklava,2025-05-04 23:55:32,Sunbeam Currants,300g,N/A,$5.80,$19.33 per kg,https://foodlandbalaklava.com.au//lines/s-beam-currants-300gm
Foodland Balaklava,2025-05-04 23:55:32,Sunkist Orange Soft Drink Cans Multipack,10 x 375mL,N/A,$19.00,$5.07 per L,https://foodlandbalaklava.com.au//lines/sunkist-orange-10x375ml
Foodland Balaklava,2025-05-04 23:55:32,Sunrice Australian Medium Grain Rice,1kg,was $4.75,$2.25,$0.22 per 100g,https://foodlandbalaklava.com.au//lines/sunrice-white-med-grain-1kg
Foodland Balaklava,2025-05-04 23:55:32,Sunrice Basmati Rice,1kg,N/A,$7.15,$0.72 per 100g,https://foodlandbalaklava.com.au//lines/sunrice-basmati-indian-rice1kg
Foodland Balaklava,2025-05-04 23:55:32,Sunrice Basmati Rice Pouch,250g,N/A,$3.70,$1.48 per 100g,https://foodlandbalaklava.com.au//lines/sunrice-90sec-basmati-250gm
Foodland Balaklava,2025-05-04 23:55:32,Sunrice Jasmine White Rice,1kg,N/A,$4.75,$0.48 per 100g,https://foodlandbalaklava.com.au//lines/sunrice-rice-jasmine-1kg
Foodland Balaklava,2025-05-04 23:55:32,Sunrice Jasmine White Rice,2kg,was $9.05,$6.50,$0.32 per 100g,https://foodlandbalaklava.com.au//lines/sunrice-rice-jasmine-2kg
Foodland Balaklava,2025-05-04 23:55:32,Sunrice Thin Salt & Balsamic Vinegar Flavoured Rice Cakes,160g,was $2.65,$2.25,$1.41 per 100g,https://foodlandbalaklava.com.au//lines/sunrice-thin-s-slt-vin-160gm
Foodland Balaklava,2025-05-04 23:55:32,Sunrice Thin Sour Cream & Chives Flavoured Rice Cakes,160g,was $2.65,$2.25,$1.41 per 100g,https://foodlandbalaklava.com.au//lines/sunrice-r-c-thn-s-cream-160gm
Foodland Balaklava,2025-05-04 23:55:32,Sunrice White Long Grain Rice Pouch,6 x 250g,N/A,$3.70,$1.48 per 100g,https://foodlandbalaklava.com.au//lines/sunrice-90sec-white-long-250gm
Foodland Balaklava,2025-05-04 23:55:32,Sunshine Jce Lemon,500mL,N/A,$2.90,$0.58 per 100mL,https://foodlandbalaklava.com.au//lines/sunshine-jce-lemon-500ml
Foodland Balaklava,2025-05-04 23:55:32,Sunsilk Conditioner Addictive Brilliant Shine,700mL,was $12.60,$9.00,$1.29 per 100mL,https://foodlandbalaklava.com.au//lines/s-silk-cond-bril-shine-700ml
Foodland Balaklava,2025-05-04 23:55:32,Sunsilk Shampoo Addictive Brilliant Shine,700mL,was $12.60,$9.00,$1.29 per 100mL,https://foodlandbalaklava.com.au//lines/s-silk-s-poo-bril-shine-700ml
Foodland Balaklava,2025-05-04 23:55:32,Suprima Rolls Sesame Seed 4pk,N/A,N/A,$4.00,$3.33 per 100g,https://foodlandbalaklava.com.au//lines/suprima-rolls-sesame-seed-4pk-1
Foodland Balaklava,2025-05-04 23:55:32,Surf Liquid Washing Detergent Laundry Brilliantly Clean And Fresh For Longer Tropical Burst After Burst Of Intense Fragrance,4L,N/A,$18.00,$4.50 per L,https://foodlandbalaklava.com.au//lines/surf-laundry-liq-tropical-4l
Foodland Balaklava,2025-05-04 23:55:32,Swedes Loose Per Kg,N/A,N/A,$9.00,N/A,https://foodlandbalaklava.com.au//lines/swedes-loose-per-kg-1
Foodland Balaklava,2025-05-04 23:55:32,Sweet William Dairy Free Caramel Chocolate Bites,140g,N/A,$9.80,$7.00 per 100g,https://foodlandbalaklava.com.au//lines/swt-william-crml-choc-bites-140g
Foodland Balaklava,2025-05-04 23:55:32,Swisspers Eco Sensitive Biodegradable Facial Wipes 25 Pack,N/A,was $6.85,$6.05,$0.24 Each,https://foodlandbalaklava.com.au//lines/swisspers-wipes-eco-sens-25pk
Foodland Balaklava,2025-05-04 23:55:32,Tamar Valley Dairy Blueberries & Cream Yoghurt,700g,N/A,$7.35,$1.05 per 100g,https://foodlandbalaklava.com.au//lines/t-valley-ygt-blubry-crm-700gm
Foodland Balaklava,2025-05-04 23:55:32,Tasmanian Heritage Camembert,200g,was $12.55,$11.15,$55.75 per kg,https://foodlandbalaklava.com.au//lines/tas-heritage-camembert-200gm
Foodland Balaklava,2025-05-04 23:55:32,Tasmanian Heritage Camembert Oval,125g,was $7.90,$5.65,$45.20 per kg,https://foodlandbalaklava.com.au//lines/tas-heritage-chs-cam-ovl-125gm
Foodland Balaklava,2025-05-04 23:55:32,Tcc Coconut Milk Canned,400mL,N/A,$2.30,$0.58 per 100mL,https://foodlandbalaklava.com.au//lines/tcc-milk-coconut-400ml-1
Foodland Balaklava,2025-05-04 23:55:32,Temptations Cat Treats Hearty Beef Bag,85g,N/A,$5.80,$6.82 per 100g,https://foodlandbalaklava.com.au//lines/temptations-hrty-beef-85gm
Foodland Balaklava,2025-05-04 23:55:32,The Juice Guys Pear Juice,1L,N/A,$6.60,$6.60 per L,https://foodlandbalaklava.com.au//lines/the-juice-guys-pear-juice-1lt
Foodland Balaklava,2025-05-04 23:55:32,The Natural Confectionery Co. 50% Less Sugar Tropical Blast Lollies,130g,was $5.25,$4.65,$3.58 per 100g,https://foodlandbalaklava.com.au//lines/nat-conf-trop-50-l-sug-130gm
Foodland Balaklava,2025-05-04 23:55:32,The Natural Confectionery Co. Soft Jellies Fruit Salad Lollies,220g,was $5.25,$4.65,$2.11 per 100g,https://foodlandbalaklava.com.au//lines/nat-conf-sft-jly-frt-sal-220gm
Foodland Balaklava,2025-05-04 23:55:32,Thin Beef Sausages,N/A,N/A,$12.99,N/A,https://foodlandbalaklava.com.au//lines/yp-country-style-sausages-1
Foodland Balaklava,2025-05-04 23:55:32,Thins Chip Original,45g,was $2.00,$1.50,$3.33 per 100g,https://foodlandbalaklava.com.au//lines/thins-chip-original-45gm
Foodland Balaklava,2025-05-04 23:55:32,Thins Multipack X 20 Variety,N/A,N/A,$9.70,$2.55 per 100g,https://foodlandbalaklava.com.au//lines/thins-variety-mltpk-20s-380gm
Foodland Balaklava,2025-05-04 23:55:32,Thins Original Generic Size,N/A,was $5.25,$3.50,$2.00 per 100g,https://foodlandbalaklava.com.au//lines/thins-chip-original-175gm
Foodland Balaklava,2025-05-04 23:55:32,Three Threes Sweet Mustard Pickles,520g,was $3.70,$3.30,$0.63 per 100g,https://foodlandbalaklava.com.au//lines/333-s-mustard-pickles-520gm
Foodland Balaklava,2025-05-04 23:55:32,Tip Top Bakery Tip Top® Pizza Flavoured English Muffins E,360g,was $6.20,$3.10,$0.86 per 100g,https://foodlandbalaklava.com.au//lines/t-top-muffins-eng-piz-6p-360g
Foodland Balaklava,2025-05-04 23:55:32,Tiptop Bakery The One Gluten Free Soft White,550g,N/A,$7.30,$1.33 per 100g,https://foodlandbalaklava.com.au//lines/t-top-brd-the-one-gf-wht-550gm-1
Foodland Balaklava,2025-05-04 23:55:32,Tiptop Bakery Tip Top Multigrain English Muffin,400g,was $6.20,$3.10,$0.78 per 100g,https://foodlandbalaklava.com.au//lines/t-top-muffins-mgrain-6pk
Foodland Balaklava,2025-05-04 23:55:32,Tiptop Bakery Tip Top Potato Burger Buns,292g,N/A,$5.80,$145.00 per 100g,https://foodlandbalaklava.com.au//lines/tip-top-bun-potato-4pk-292gm
Foodland Balaklava,2025-05-04 23:55:32,Trident Coconut Cream Premium Quality,400mL,N/A,$2.40,$0.60 per 100mL,https://foodlandbalaklava.com.au//lines/trident-coconut-cream-400ml
Foodland Balaklava,2025-05-04 23:55:32,True Thai Coconut Milk,400mL,was $2.40,$1.80,$0.45 per 100mL,https://foodlandbalaklava.com.au//lines/true-thai-c-nut-milk-400ml
Foodland Balaklava,2025-05-04 23:55:32,True Thai Paste Green Curry,240g,was $4.60,$3.50,$1.46 per 100g,https://foodlandbalaklava.com.au//lines/true-thai-pste-g-curry-240gm
Foodland Balaklava,2025-05-04 23:55:32,Turnips Loose Per Kg,N/A,N/A,$6.40,N/A,https://foodlandbalaklava.com.au//lines/turnips-loose-per-kg-1
Foodland Balaklava,2025-05-04 23:55:32,Twinings Black Tea English Breakfast 100pk,200g,N/A,$14.20,$7.10 per 100g,https://foodlandbalaklava.com.au//lines/twining-t-bag-eng-bfast-100s-1
Foodland Balaklava,2025-05-04 23:55:32,Tyrrells Mature Cheddar Cheese & Chives Crisps,165g,N/A,$6.85,$4.15 per 100g,https://foodlandbalaklava.com.au//lines/tyrrells-pot-crsp-chd-chv165gm
Foodland Balaklava,2025-05-04 23:55:32,Uncle Tobys Muesli Bars Chewy Apricot X6 6pk,185g,N/A,$5.50,$2.97 per 100g,https://foodlandbalaklava.com.au//lines/u-toby-mues-b-chw-apricot185gm
Foodland Balaklava,2025-05-04 23:55:32,Uncle Tobys Oat Flakes Breakfast Cereal Crunchy Clakes,650g,N/A,$7.00,$1.08 per 100g,https://foodlandbalaklava.com.au//lines/u-toby-oat-flakes-650gm
Foodland Balaklava,2025-05-04 23:55:32,Uncle Tobys Oats Quick Rolled Oats Porridge,1kg,was $6.85,$3.25,$0.32 per 100g,https://foodlandbalaklava.com.au//lines/u-toby-oat-quick-1kg
Foodland Balaklava,2025-05-04 23:55:32,Uncle Tobys Oats Quick Sachets Family Value Creamy Honey Porridge,700g,N/A,$9.50,$1.36 per 100g,https://foodlandbalaklava.com.au//lines/u-toby-oat-quick-crm-hny-20pk
Foodland Balaklava,2025-05-04 23:55:33,Uncle Tobys Oats Quick Sachets Porridge Berry Variety Multi Pack 10pk,350g,was $6.60,$5.70,$1.63 per 100g,https://foodlandbalaklava.com.au//lines/u-toby-oat-quick-var-bery-10pk
Foodland Balaklava,2025-05-04 23:55:33,Uncle Tobys Oats Quick Sachets Porridge Creamy Honey 10pk,350g,was $6.60,$5.70,$1.63 per 100g,https://foodlandbalaklava.com.au//lines/u-toby-oat-quick-crmy-hny-10pk
Foodland Balaklava,2025-05-04 23:55:33,Up&​Go Liquid Breakfast Banana,12 x 250mL,N/A,$17.50,$5.83 per L,https://foodlandbalaklava.com.au//lines/sanit-up-go-banana-12x250ml
Foodland Balaklava,2025-05-04 23:55:33,Vaalia Probiotic Yoghurt French Vanilla,4 x 150g,N/A,$5.25,$0.88 per 100g,https://foodlandbalaklava.com.au//lines/vaalia-ygt-l-fat-frn-van4x150g
Foodland Balaklava,2025-05-04 23:55:33,Vaalia Probiotic Yoghurt French Vanilla,900g,N/A,$5.50,$0.61 per 100g,https://foodlandbalaklava.com.au//lines/vaalia-ygt-frnch-vanilla-900gm
Foodland Balaklava,2025-05-04 23:55:33,Valcom Authentic Thai Green Curry Paste,210g,N/A,$4.50,$2.14 per 100g,https://foodlandbalaklava.com.au//lines/valcom-curry-pste-green-210gm
Foodland Balaklava,2025-05-04 23:55:33,Valcom Rice Paper 22cm #​250gm,N/A,N/A,$2.85,$1.14 per 100g,https://foodlandbalaklava.com.au//lines/valcom-rice-paper-22cm-250gm
Foodland Balaklava,2025-05-04 23:55:33,Vanish Napisan Gold Oxi Action Stain Remover Powder,2kg,was $33.60,$23.45,$11.72 per kg,https://foodlandbalaklava.com.au//lines/vanish-gold-oxi-pro-2kg
Foodland Balaklava,2025-05-04 23:55:33,Vanish Napisan Oxi Action Stain Remover Powder,2kg,was $22.30,$16.50,$8.25 per kg,https://foodlandbalaklava.com.au//lines/napisan-oxyaction-intell-2kg
Foodland Balaklava,2025-05-04 23:55:33,Vege Chips BBQ Gluten Free,100g,was $5.15,$2.45,$2.45 per 100g,https://foodlandbalaklava.com.au//lines/ajitas-veg-chips-bbq-100gm
Foodland Balaklava,2025-05-04 23:55:33,Vileda Ansell Super Protector Gloves 1-Pair - M,N/A,was $4.10,$3.50,N/A,https://foodlandbalaklava.com.au//lines/ansell-glove-super-med-1pr
Foodland Balaklava,2025-05-04 23:55:33,Vilis Nutella Fill Berliner,110g,N/A,$3.50,$3.18 per 100g,https://foodlandbalaklava.com.au//lines/vilis-nutella-fill-berliner-110g
Foodland Balaklava,2025-05-04 23:55:33,Vilis Pie Beef Cheese Bacon,160g,was $5.70,$5.10,$3.19 per 100g,https://foodlandbalaklava.com.au//lines/vilis-pie-beef-chse-bacon160gm
Foodland Balaklava,2025-05-04 23:55:33,Vitasoy Almond Chocolate Milk,330mL,N/A,$3.80,$11.52 per L,https://foodlandbalaklava.com.au//lines/vitasoy-al-milk-chocolate-330ml
Foodland Balaklava,2025-05-04 23:55:33,Vitasoy Almond Milk Unsweetened,1L,N/A,$3.45,$3.45 per L,https://foodlandbalaklava.com.au//lines/vitasoy-alm-milk-u-sw-uht-1l
Foodland Balaklava,2025-05-04 23:55:33,Vitasoy Oat Milk Unsweetened,1L,N/A,$3.45,$3.45 per L,https://foodlandbalaklava.com.au//lines/vitasoy-oat-milk-uht-1l-1
Foodland Balaklava,2025-05-04 23:55:33,Vitasoy Soy Milky Low Sugar,1L,N/A,$2.45,$2.45 per L,https://foodlandbalaklava.com.au//lines/vitasoy-soy-milky-lite-uht-1l-2
Foodland Balaklava,2025-05-04 23:55:33,Vittoria Coffee Bags,N/A,N/A,$16.75,$14.69 per 100g,https://foodlandbalaklava.com.au//lines/vit-coff-bag-mntn-grwn-blnd20s
Foodland Balaklava,2025-05-04 23:55:33,Vittoria Coffee Espresso Ground Coffee,500g,N/A,$23.10,$4.62 per 100g,https://foodlandbalaklava.com.au//lines/vit-coff-grd-espresso-500gm
Foodland Balaklava,2025-05-04 23:55:33,Voost Energy Orange & Mango Effervescent Vitamins Supplement To Support Energy Production 20 Tablets,N/A,N/A,$11.55,$0.58 Each,https://foodlandbalaklava.com.au//lines/voost-energy-orange-mango-20s
Foodland Balaklava,2025-05-04 23:55:33,Wattle Valley Chunky Fresh Basil Dip,150g,was $4.80,$4.65,$3.10 per 100g,https://foodlandbalaklava.com.au//lines/w-valley-dip-basil-150g
Foodland Balaklava,2025-05-04 23:55:33,Wattle Valley Soft Wrap Whoelgrain,344g,N/A,$4.70,$1.37 per 100g,https://foodlandbalaklava.com.au//lines/wv-soft-wraps-wholegrain-344gm
Foodland Balaklava,2025-05-04 23:55:33,Weis Fruit & Ice Cream Bars Snack Made With Real Aussie Mangoes Mango No Artificial Colours Or Flavours,8mL,N/A,$10.00,$3.57 per 100mL,https://foodlandbalaklava.com.au//lines/weis-bar-mango-pk4
Foodland Balaklava,2025-05-04 23:55:33,Werther's Original Caramel Candies With Creamy Filling,125g,N/A,$5.45,$4.36 per 100g,https://foodlandbalaklava.com.au//lines/werthers-orig-caramel-crm125gm
Foodland Balaklava,2025-05-04 23:55:33,Western Star Cream Thickened,300mL,N/A,$3.45,$1.15 per 100mL,https://foodlandbalaklava.com.au//lines/w-star-cream-thickened-300ml
Foodland Balaklava,2025-05-04 23:55:33,Whiskas 1+ Years Adult Dry Cat Food With Beef & Lamb Bag,800g,N/A,$7.35,$0.92 per 100g,https://foodlandbalaklava.com.au//lines/whiskas-adlt-beef-lamb-800gm
Foodland Balaklava,2025-05-04 23:55:33,Whiskas 1+ Years Adult So Fishy Wet Cat Food Ocean Platter In Jelly (​12x85g) Pouch,12 x 85g,was $15.25,$10.15,$1.00 per 100g,https://foodlandbalaklava.com.au//lines/whiskas-so-fishy-ocean-12x85gm
Foodland Balaklava,2025-05-04 23:55:33,Whiskas 1+ Years Adult So Fishy Wet Cat Food With Seafood Servings In Jelly Pouch,12 x 85g,was $15.25,$10.15,$1.00 per 100g,https://foodlandbalaklava.com.au//lines/whiskas-so-fishy-s-food12x85gm
Foodland Balaklava,2025-05-04 23:55:33,Whiskas® 1+ Years Adult Dry Cat Food With Beef & Lamb Bag,1.8kg,was $15.25,$11.00,$0.61 per 100g,https://foodlandbalaklava.com.au//lines/whiskas-adlt-beef-lamb-1-8kg
Foodland Balaklava,2025-05-04 23:55:33,Whiskas® 1+ Years Adult Wet Cat Food With Beef Favourites In Gravy Pouch,12 x 85g,N/A,$13.00,$1.27 per 100g,https://foodlandbalaklava.com.au//lines/whiskas-fav-beef-mvms-12x85gm
Foodland Balaklava,2025-05-04 23:55:33,Whiskas® 2-12 Months Kitten Wet Cat Food With Mixed Favourites In Jelly Pouch,12 x 85g,N/A,$13.00,$1.27 per 100g,https://foodlandbalaklava.com.au//lines/whiskas-fav-kttn-mxd-12x85gm
Foodland Balaklava,2025-05-04 23:55:33,White Wings Cornflour,300g,was $3.40,$3.00,$10.00 per kg,https://foodlandbalaklava.com.au//lines/w-w-cornflour-300gm
Foodland Balaklava,2025-05-04 23:55:33,White Wings Vanilla Cupcakes,410g,was $6.30,$4.50,$1.10 per 100g,https://foodlandbalaklava.com.au//lines/w-w-cup-cakes-vanilla-410gm
Foodland Balaklava,2025-05-04 23:55:33,Whittaker’​S Creamy Milk Chocolate Block |,250g,N/A,$8.95,$3.58 per 100g,https://foodlandbalaklava.com.au//lines/whittakers-chc-mlk-33-250gm
Foodland Balaklava,2025-05-04 23:55:33,Who Gives A Crap Tissues '65 Sheets',N/A,was $2.50,$2.30,$0.04 Each,https://foodlandbalaklava.com.au//lines/who-gives-a-crap-tissues-65pk-3ply
Foodland Balaklava,2025-05-04 23:55:33,Who Gives A Crap Toilet Paper 1pk,N/A,was $2.00,$1.50,$0.00 Each,https://foodlandbalaklava.com.au//lines/who-gives-a-crap-toilet-paper-1roll-3ply
Foodland Balaklava,2025-05-04 23:55:33,Windex Glass Cleaner Refill,750mL,N/A,$5.05,$0.67 per 100mL,https://foodlandbalaklava.com.au//lines/windex-cleaner-refill-750ml
Foodland Balaklava,2025-05-04 23:55:33,Wintulichs Bacon Diced,250g,N/A,$5.50,N/A,https://foodlandbalaklava.com.au//lines/w-lichs-bacon-diced-250gm
Foodland Balaklava,2025-05-04 23:55:33,Wintulichs Metwurst Garlic,300g,was $10.00,$9.90,$3.30 per 100g,https://foodlandbalaklava.com.au//lines/w-lichs-m-wurst-garlic-300gm
Foodland Balaklava,2025-05-04 23:55:33,Wintulichs Spanish Chorizo,250g,N/A,$8.00,$32.00 per kg,https://foodlandbalaklava.com.au//lines/w-lichs-chorizo-4pk-250gm
Foodland Balaklava,2025-05-04 23:55:33,Yogo Choc Flavoured Custard,120g,N/A,$2.30,$1.92 per 100g,https://foodlandbalaklava.com.au//lines/yogo-chocolate-120gm
Foodland Balaklava,2025-05-04 23:55:33,Yoplait Petit Miam Yoghurt Fruit Salad Kids Pouch,70g,was $1.70,$1.10,$1.57 per 100g,https://foodlandbalaklava.com.au//lines/p-miam-ygt-frt-salad-70gm
Foodland Balaklava,2025-05-04 23:55:33,Yoplait Petit Miam Yoghurt Vanilla,70g,was $1.70,$1.10,$1.57 per 100g,https://foodlandbalaklava.com.au//lines/p-miam-ygt-vanilla-70gm
Foodland Balaklava,2025-05-04 23:55:33,Yoplait Vanilla Yoghurt,12 x 100g,N/A,$8.00,$0.67 per 100g,https://foodlandbalaklava.com.au//lines/yop-ygt-vanilla-12x100gm
Foodland Balaklava,2025-05-04 23:55:33,Yoplait Zero Yoghurt Strawberry,1kg,N/A,$4.75,$0.48 per 100g,https://foodlandbalaklava.com.au//lines/yop-ygt-forme-strwbry-1kg
Foodland Balaklava,2025-05-04 23:55:33,Your Bakery Double Sponge Vanilla,460g,was $7.15,$6.00,$1.30 per 100g,https://foodlandbalaklava.com.au//lines/y-bkry-dbl-u-spng-van-460gm
Foodland Balaklava,2025-05-04 23:55:33,Yp Lamb Loin Chops Rw,N/A,N/A,$16.50,$32.99 per kg,https://foodlandbalaklava.com.au//lines/yp-lamb-loin-chops-rw-2
Foodland Balaklava,2025-05-04 23:55:33,Yp Pork Loin Chops Rw,N/A,was $21.99,$14.90,N/A,https://foodlandbalaklava.com.au//lines/yp-pork-loin-chops-rw-2
Foodland Balaklava,2025-05-04 23:55:35,Zooper Dooper Magic Flavours,24 x 70mL,N/A,$7.55,$0.45 per 100mL,https://foodlandbalaklava.com.au//lines/zooper-dooper-magic-24x70ml
Foodland Balaklava,2025-05-04 23:55:35,Zooper Dooper No Sugar,24 x 70mL,N/A,$7.55,$0.45 per 100mL,https://foodlandbalaklava.com.au//lines/zooper-dooper-no-sugar-24x70ml
Foodland Balaklava,2025-05-04 23:55:35,"Leggos Stir Through Tomato, Roasted Garlic & Caramelised Onion",350g,N/A,$5.55,$1.59 per 100g,https://foodlandbalaklava.com.au//lines/leggos-s-thrgh-tm-gar-on-350gm
Foodland Balaklava,2025-05-04 23:55:35,4 Legs Kangaroo Veggie And Fruit Meatballs,870g,N/A,$8.20,$0.94 per 100g,https://foodlandbalaklava.com.au//lines/4legs-p-fd-m-b-roo-v-fr-870gm
Foodland Balaklava,2025-05-04 23:55:35,A&​T Seafood Sticks,1kg,N/A,$9.30,N/A,https://foodlandbalaklava.com.au//lines/a-t-seafood-sticks-1kg
Foodland Balaklava,2025-05-04 23:55:35,A/​Frsh Olives Anchov Stuf235gm,N/A,N/A,$4.20,$17.87 per kg,https://foodlandbalaklava.com.au//lines/a-frsh-olives-anchov-stuf235gm
Foodland Balaklava,2025-05-04 23:55:35,A/​Park Apricots,375g,N/A,$13.65,$36.40 per kg,https://foodlandbalaklava.com.au//lines/a-park-apricots-375gm
Foodland Balaklava,2025-05-04 23:55:35,Active Expert Concentrated Laundry Powder,2kg,N/A,$6.50,$3.25 per kg,https://foodlandbalaklava.com.au//lines/activ-ex-l-pdr-sensitive-2kg
Foodland Balaklava,2025-05-04 23:55:35,Adc Barista Oat Milk,1L,N/A,$6.00,$6.00 per kg,https://foodlandbalaklava.com.au//lines/adc-barista-oat-milk-1l
Foodland Balaklava,2025-05-04 23:55:35,Aero Dessert Mix Vanilla,100g,N/A,$2.20,$2.20 per 100g,https://foodlandbalaklava.com.au//lines/aero-dssrt-mix-vanilla-100gm
Foodland Balaklava,2025-05-04 23:55:35,Aero Green Apple Jelly,85g,N/A,$1.80,$2.12 per 100g,https://foodlandbalaklava.com.au//lines/aero-jelly-apple-85gm
Foodland Balaklava,2025-05-04 23:55:35,Aero Jelly Berry Blue,85g,N/A,$1.80,$2.12 per 100g,https://foodlandbalaklava.com.au//lines/aero-jelly-berry-blue-85gm
Foodland Balaklava,2025-05-04 23:55:35,Aero Jelly Lite Pineappl,2 x 9g,N/A,$2.70,$15.00 per 100g,https://foodlandbalaklava.com.au//lines/aero-jelly-lite-pineappl-2x9gm
Foodland Balaklava,2025-05-04 23:55:35,Aero Jelly Purple Grape,85g,N/A,$1.80,$2.12 per 100g,https://foodlandbalaklava.com.au//lines/aero-jelly-purple-grape-85gm
Foodland Balaklava,2025-05-04 23:55:35,Aerogard Naturals Insect Repellent Pump Spray,175mL,N/A,$15.75,$9.00 per 100mL,https://foodlandbalaklava.com.au//lines/aerogard-nat-repel-spray-175ml
Foodland Balaklava,2025-05-04 23:55:35,Aerogard Naturals Insect Repellent Roll-On,50mL,N/A,$12.60,$25.20 per 100mL,https://foodlandbalaklava.com.au//lines/aerogard-r-on-nat-repel-50ml
Foodland Balaklava,2025-05-04 23:55:35,Aeroplane Jelly Lite - Watermelon,18g,N/A,$2.70,$15.00 per 100g,https://foodlandbalaklava.com.au//lines/aero-jelly-lite-w-melon-2x9gm
Foodland Balaklava,2025-05-04 23:55:35,Aeroplane Jelly Orange,85g,N/A,$1.80,$2.12 per 100g,https://foodlandbalaklava.com.au//lines/aero-jelly-orange-85gm
Foodland Balaklava,2025-05-04 23:55:35,Aeroplane Jelly Port Wine,85g,N/A,$1.80,$2.12 per 100g,https://foodlandbalaklava.com.au//lines/aero-jelly-port-wine-del-85gm
Foodland Balaklava,2025-05-04 23:55:35,Aeroplane Jelly Ready To Eat Strawberry,120g,was $1.90,$1.75,$1.46 per 100g,https://foodlandbalaklava.com.au//lines/aero-jelly-rte-strwberry-120gm
Foodland Balaklava,2025-05-04 23:55:35,Aeroplane Jelly Strawberry,85g,N/A,$1.80,$2.12 per 100g,https://foodlandbalaklava.com.au//lines/aero-jelly-strawberry-85gm
Foodland Balaklava,2025-05-04 23:55:35,Aeroplane Lime Lite Jelly,2 x 9g,N/A,$2.70,$15.00 per 100g,https://foodlandbalaklava.com.au//lines/aero-jelly-lite-lime-2x9gm
Foodland Balaklava,2025-05-04 23:55:35,Aeroplane Watermelon Flavoured Jelly,85g,N/A,$1.80,$2.12 per 100g,https://foodlandbalaklava.com.au//lines/aero-jelly-watermelon-85gm
Foodland Balaklava,2025-05-04 23:55:35,Air Wick Air Freshener Spray Sparkling Citrus,237g,N/A,$3.70,$1.56 per 100g,https://foodlandbalaklava.com.au//lines/a-wick-aero-spk-ctrs-237gm
Foodland Balaklava,2025-05-04 23:55:35,Air Wick Decosphere Air Freshener Vanilla & Orchid,75mL,N/A,$8.70,N/A,https://foodlandbalaklava.com.au//lines/a-wick-d-sphere-van-orchd-75ml
Foodland Balaklava,2025-05-04 23:55:35,Air Wick Odour Neutralising Room Spray Eucalyptus & Fresia,236mL,N/A,$8.40,$3.56 per 100mL,https://foodlandbalaklava.com.au//lines/a-wick-o-n-spry-euc-frsia236ml
Foodland Balaklava,2025-05-04 23:55:35,Air Wick Odour Neutralising Room Spray Lavender & Lily,236mL,N/A,$8.40,$3.56 per 100mL,https://foodlandbalaklava.com.au//lines/a-wick-o-n-spry-lav-lily-236ml
Foodland Balaklava,2025-05-04 23:55:35,Air Wick Pure Aerosol Air Freshener Cherry Blossom,159g,N/A,$8.40,$5.28 per 100g,https://foodlandbalaklava.com.au//lines/a-wick-pure-chry-blossom-159gm
Foodland Balaklava,2025-05-04 23:55:35,Air Wick Pure Aerosol Air Freshener White Vanilla,159g,N/A,$8.40,$5.28 per 100g,https://foodlandbalaklava.com.au//lines/a-wick-pure-wht-vanilla-159gm
Foodland Balaklava,2025-05-04 23:55:35,Air Wick Scented Oil Fragrance Diffuser & Refill Light & Fresh Sea Mist & Blue Minerals,19mL,N/A,$14.70,$77.37 per 100mL,https://foodlandbalaklava.com.au//lines/a-wick-ess-oil-af-sea-prm-19ml
Foodland Balaklava,2025-05-04 23:55:35,"Ajax Eco Antibacterial Disinfectant Surface Cleaning Wipes, Bulk 110 Pack, Vanilla & Berries 110pk",N/A,was $11.55,$7.20,$6.55 Units100,https://foodlandbalaklava.com.au//lines/ajax-wipes-eco-antib-vn-br110s
Foodland Balaklava,2025-05-04 23:55:35,"Ajax Professional Bathroom Disinfectant Cleaning Spray,",500mL,N/A,$7.35,$1.47 per 100mL,https://foodlandbalaklava.com.au//lines/ajax-prof-bathroom-trig-500ml
Foodland Balaklava,2025-05-04 23:55:35,"Ajax Professional Mould Remover Cleaning Spray, , Low Fumes",500mL,N/A,$7.35,$1.47 per 100mL,https://foodlandbalaklava.com.au//lines/ajax-prof-mould-remr-trig500ml
Foodland Balaklava,2025-05-04 23:55:35,"Ajax Spray N' Wipe Multi-Purpose Cleaner Trigger, Antibacterial Disinfectant, , Lemon Citrus",500mL,was $4.15,$3.50,$0.70 per 100mL,https://foodlandbalaklava.com.au//lines/ajax-s-wpe-lem-trg-500ml
Foodland Balaklava,2025-05-04 23:55:35,"Ajax Spray N' Wipe Triple Action Glass Cleaner Trigger,",500mL,was $3.70,$3.50,$0.70 per 100mL,https://foodlandbalaklava.com.au//lines/ajax-s-wpe-glass-trig-500ml
Foodland Balaklava,2025-05-04 23:55:35,Alfa One Rice Bran Oil,1L,was $10.00,$9.00,$0.90 per 100mL,https://foodlandbalaklava.com.au//lines/alfa-one-rice-bran-oil-1l
Foodland Balaklava,2025-05-04 23:55:35,Alfa One Rice Bran Oil,2L,was $19.00,$17.40,$0.87 per 100mL,https://foodlandbalaklava.com.au//lines/alfa-one-rice-bran-oil-2l
Foodland Balaklava,2025-05-04 23:55:35,Alfalfa Green Sprouts,125g,N/A,$2.40,$1.92 per 100g,https://foodlandbalaklava.com.au//lines/alfalfa-green-sprouts-125g
Foodland Balaklava,2025-05-04 23:55:35,Alfalfa White Sprouts,125g,N/A,$2.40,$1.92 per 100g,https://foodlandbalaklava.com.au//lines/alfalfa-white-sprouts-125g
Foodland Balaklava,2025-05-04 23:55:35,Allen's Minties Lollies Bag,335g,was $6.85,$5.80,$1.73 per 100g,https://foodlandbalaklava.com.au//lines/allens-minties-335gm
Foodland Balaklava,2025-05-04 23:55:35,Allen's Sherbies,150g,was $5.25,$3.50,$2.33 per 100g,https://foodlandbalaklava.com.au//lines/allens-sherbies-150g
Foodland Balaklava,2025-05-04 23:55:35,Altimate 12 Waff Cone Med150gm,N/A,N/A,$7.30,$0.61 Each,https://foodlandbalaklava.com.au//lines/altimate-12-waff-cone-med140gm
Foodland Balaklava,2025-05-04 23:55:35,Altimate Funtime Party Cns 21s,N/A,N/A,$5.75,$0.27 Each,https://foodlandbalaklava.com.au//lines/altimate-funtime-party-cns-21s
Foodland Balaklava,2025-05-04 23:55:35,Alula Gold Stage 3 Toddler Premium Milk Drink From 1 Year+,900g,was $26.80,$24.50,$2.72 per 100g,https://foodlandbalaklava.com.au//lines/alu-s26-gold-stage-3-form-900g
Foodland Balaklava,2025-05-04 23:55:35,Always Discreet Long 10 Pads For Bladder Leaks And Adult Incontinence,N/A,N/A,$9.45,$0.94 Each,https://foodlandbalaklava.com.au//lines/a-discreet-pad-long-8s
Foodland Balaklava,2025-05-04 23:55:35,Always Fresh Black Olives Pitted,220g,was $3.70,$3.00,$13.64 per kg,https://foodlandbalaklava.com.au//lines/a-frsh-olive-pitted-blck-220gm
Foodland Balaklava,2025-05-04 23:55:35,Always Fresh Green Asparagus In Spring Water,340g,was $5.90,$4.10,$12.06 per kg,https://foodlandbalaklava.com.au//lines/a-frsh-asparagus-spr-wtr-340gm
Foodland Balaklava,2025-05-04 23:55:35,Always Fresh Mini Toast,90g,N/A,$2.85,$3.17 per 100g,https://foodlandbalaklava.com.au//lines/a-frsh-mini-toast-90gm
Foodland Balaklava,2025-05-04 23:55:36,Always Fresh Olives Pitted Sicilian,230g,N/A,$4.20,$18.26 per kg,https://foodlandbalaklava.com.au//lines/a-frsh-olives-siciln-ptd-230gm
Foodland Balaklava,2025-05-04 23:55:36,Always Fresh Spanish Stuffed Olives,700g,N/A,$6.10,$8.71 per kg,https://foodlandbalaklava.com.au//lines/a-frsh-olives-stuffed-700gm
Foodland Balaklava,2025-05-04 23:55:36,Anchor Salt Orig Chp Chk,170g,N/A,$3.70,$2.18 per 100g,https://foodlandbalaklava.com.au//lines/anchor-salt-orig-chp-chk-170gm
Foodland Balaklava,2025-05-04 23:55:36,Ansh Orig Chilli Oil Mix,250g,N/A,$14.50,$5.80 per 100g,https://foodlandbalaklava.com.au//lines/ansh-orig-chilli-oil-mix-250g
Foodland Balaklava,2025-05-04 23:55:36,Anzac Biscuits,300g,N/A,$4.19,N/A,https://foodlandbalaklava.com.au//lines/unibic-anzac-bisc-auth-300gm
Foodland Balaklava,2025-05-04 23:55:36,Applaws Chicken Breast,156mL,N/A,$3.15,$2.02 per 100g,https://foodlandbalaklava.com.au//lines/applaws-dog-top-chc-brst-156gm
Foodland Balaklava,2025-05-04 23:55:36,Apples Pink Lady Pp,N/A,N/A,$6.50,$6.50 per kg,https://foodlandbalaklava.com.au//lines/apples-pink-lady-pp
Foodland Balaklava,2025-05-04 23:55:36,Ardmona Diced Vine Ripened Tomatoes,810g,was $4.10,$3.60,$4.44 per kg,https://foodlandbalaklava.com.au//lines/ard-tomatoes-chopped-810gm
Foodland Balaklava,2025-05-04 23:55:36,Ardmona Pie Fruit Apples Sliced,400g,was $4.40,$4.30,$10.75 per kg,https://foodlandbalaklava.com.au//lines/ard-pie-apple-400gm
Foodland Balaklava,2025-05-04 23:55:36,Ardmona Rich & Thick Diced Tomatos With Paste Mixed Herbs,410g,N/A,$2.65,$6.46 per kg,https://foodlandbalaklava.com.au//lines/ard-tomato-duo-herb-410gm
Foodland Balaklava,2025-05-04 23:55:36,Ardmona Whole Peeled Vine Ripened Tomatoes,400g,N/A,$2.10,$5.25 per kg,https://foodlandbalaklava.com.au//lines/ard-tomatoes-whl-peeled-400gm
Foodland Balaklava,2025-05-04 23:55:36,Arkadia Chai Tea Spice,240g,N/A,$7.00,$2.92 per 100g,https://foodlandbalaklava.com.au//lines/arkadia-chai-spice-tea-240g
Foodland Balaklava,2025-05-04 23:55:36,Arkadia Chai Tea Vanilla,240g,N/A,$7.00,$2.92 per 100g,https://foodlandbalaklava.com.au//lines/arkadia-chai-vanilla-tea-240g
Foodland Balaklava,2025-05-04 23:55:36,Arnott's Biscuits The Original Shredded Wheatmeal Biscuits,250g,was $2.65,$1.75,$0.70 per 100g,https://foodlandbalaklava.com.au//lines/arn-shredded-wheatmeal-250gm
Foodland Balaklava,2025-05-04 23:55:36,Arnott's Bluey Biscuits Honey & Oat 8 Packs,168g,was $5.25,$4.00,$2.38 per 100g,https://foodlandbalaklava.com.au//lines/arn-bluey-bisc-hny-ot-m-p168gm
Foodland Balaklava,2025-05-04 23:55:36,Arnott's Chocolate Butternut Snap,200g,was $5.80,$4.55,$2.28 per 100g,https://foodlandbalaklava.com.au//lines/arn-choc-butternut-snaps-200gm
Foodland Balaklava,2025-05-04 23:55:36,Arnott's Chocolate Teddy Bear Biscuits,200g,was $5.80,$5.00,$2.50 per 100g,https://foodlandbalaklava.com.au//lines/arn-choc-teddy-bear-200gm
Foodland Balaklava,2025-05-04 23:55:36,Arnott's Clix & Tasty Cheese,31g,was $3.55,$2.80,$90.32 per kg,https://foodlandbalaklava.com.au//lines/primo-chse-tsty-clix-31gm
Foodland Balaklava,2025-05-04 23:55:36,Arnott's Cracker Chips Balsamic Vinegar & Sea Salt Flavoured Baked Chips Nz,150g,N/A,$4.75,$3.17 per 100g,https://foodlandbalaklava.com.au//lines/arn-crk-chp-s-slt-b-vin-150gm
Foodland Balaklava,2025-05-04 23:55:36,Arnott's Cracker Chips Honey Soy Chicken Chips,150g,N/A,$4.75,$3.17 per 100g,https://foodlandbalaklava.com.au//lines/arn-crk-chp-hny-sy-chc-150gm
Foodland Balaklava,2025-05-04 23:55:36,Arnott's Flatbread Dippers Parmesan & Basil Crackers,130g,N/A,$4.75,$3.65 per 100g,https://foodlandbalaklava.com.au//lines/arn-f-brd-crck-parm-basil130gm
Foodland Balaklava,2025-05-04 23:55:36,Arnott's Hundreds & Thousands Sweet Biscuits,200g,N/A,$4.20,$2.10 per 100g,https://foodlandbalaklava.com.au//lines/arn-hundreds-n-thousands-200gm
Foodland Balaklava,2025-05-04 23:55:36,Arnott's Jatz Minis Cracker Biscuits Cheese & Garlic,170g,was $4.20,$3.65,$2.15 per 100g,https://foodlandbalaklava.com.au//lines/arn-jatz-mini-chse-gar-170g
Foodland Balaklava,2025-05-04 23:55:36,Arnott's Mint Slice Chocolate Biscuits,200g,N/A,$5.50,$2.75 per 100g,https://foodlandbalaklava.com.au//lines/arn-choc-mint-slice-200gm
Foodland Balaklava,2025-05-04 23:55:36,Arnott's Monte Chocolate,200g,was $5.80,$5.00,$2.50 per 100g,https://foodlandbalaklava.com.au//lines/arn-choc-monte-200gm
Foodland Balaklava,2025-05-04 23:55:36,Arnott's Originals Cracker Biscuits Barbecue Shapes,190g,was $5.25,$4.00,$2.00 per 100g,https://foodlandbalaklava.com.au//lines/arn-shapes-orig-bbq-mp8-200gm
Foodland Balaklava,2025-05-04 23:55:36,Arnott's Originals Cracker Biscuits Pizza Shapes,200g,was $5.25,$4.00,$2.00 per 100g,https://foodlandbalaklava.com.au//lines/arn-shapes-orig-pizza-mp8200gm
Foodland Balaklava,2025-05-04 23:55:36,Arnott's Sourdough Crisps Cheddar & Roasted Garlic Chips,150g,N/A,$4.75,$3.17 per 100g,https://foodlandbalaklava.com.au//lines/arn-s-dough-crck-chd-r-gr150gm
Foodland Balaklava,2025-05-04 23:55:36,Arnott's The Original Granita Biscuits,250g,N/A,$3.45,$1.38 per 100g,https://foodlandbalaklava.com.au//lines/arn-granita-250gm
Foodland Balaklava,2025-05-04 23:55:36,Arnott's Tim Tam Dark Chocolate Biscuits,200g,N/A,$6.00,$3.00 per 100g,https://foodlandbalaklava.com.au//lines/arn-choc-tim-tam-dark-200gm
Foodland Balaklava,2025-05-04 23:55:36,Arnott's Tiny Teddy Chocolate Biscuits,200g,was $5.25,$4.00,$2.00 per 100g,https://foodlandbalaklava.com.au//lines/arn-tiny-teddy-choc-mp-200gm
Foodland Balaklava,2025-05-04 23:55:36,Arnott's Tiny Teddy Hundreds And Thousand Biscuits,184g,was $5.25,$4.00,$2.17 per 100g,https://foodlandbalaklava.com.au//lines/arn-tiny-teddy-100-1000s-184gm
Foodland Balaklava,2025-05-04 23:55:36,Arnott's Venetian Biscuits,250g,N/A,$4.20,$2.10 per 100g,https://foodlandbalaklava.com.au//lines/arn-venetian-fancy-200gm
Foodland Balaklava,2025-05-04 23:55:36,Arnott's Water Crackers Original Nz,125g,N/A,$1.90,$1.52 per 100g,https://foodlandbalaklava.com.au//lines/arn-watr-cracker-originl-125gm
Foodland Balaklava,2025-05-04 23:55:36,Artline Marker 90 C/​Tip Blk,N/A,N/A,$5.80,N/A,https://foodlandbalaklava.com.au//lines/artline-marker-90-c-tip-blk
Foodland Balaklava,2025-05-04 23:55:36,Artline Pen 200 Blk,N/A,N/A,$4.00,N/A,https://foodlandbalaklava.com.au//lines/artline-pen-200-blk
Foodland Balaklava,2025-05-04 23:55:36,Astra Non-Scratch Foam Scourer 3 Pack,N/A,was $2.44,$2.25,$0.75 Each,https://foodlandbalaklava.com.au//lines/astra-scourer-scrub-n-scrtch3s
Foodland Balaklava,2025-05-04 23:55:36,Aunty Kaths Home Bake Ready To Cook Cookie Dough M&​M's,450g,N/A,$6.90,$1.53 per 100g,https://foodlandbalaklava.com.au//lines/aunty-k-ckie-dough-m-ms-450gm
Foodland Balaklava,2025-05-04 23:55:36,Ausfresh Olives Mediterranean,150g,N/A,$4.65,$31.00 per kg,https://foodlandbalaklava.com.au//lines/ausfrsh-olvs-mediterranean150g
Foodland Balaklava,2025-05-04 23:55:36,Ausfrsh Antpsto Tuscan Mix,N/A,N/A,$37.65,N/A,https://foodlandbalaklava.com.au//lines/ausfrsh-tuscan-antipasto-2x2kg
Foodland Balaklava,2025-05-04 23:55:36,Australia's Own Barista Almond,1L,N/A,$4.75,$4.75 per L,https://foodlandbalaklava.com.au//lines/aust-own-milk-barista-alm-1l
Foodland Balaklava,2025-05-04 23:55:36,Australian Botanical Soaps Goats Milk And Soy Bean,200g,N/A,$4.59,$2.30 per 100g,https://foodlandbalaklava.com.au//lines/aus-botancl-soap-goat-mlk200gm
Foodland Balaklava,2025-05-04 23:55:36,Aveeno Daily Moisturising Light Fragrance Gentle Scent Body Wash Nourish Normal Dry Sensitive Skin Ph-Balanced,532mL,was $16.50,$11.90,$2.24 per 100mL,https://foodlandbalaklava.com.au//lines/aveeno-moist-wsh-daily-532ml
Foodland Balaklava,2025-05-04 23:55:36,Avo Fresh Classic Guacamole,160g,N/A,$6.50,$4.06 per 100g,https://foodlandbalaklava.com.au//lines/avofresh-guacamole-160g-1
Foodland Balaklava,2025-05-04 23:55:36,Ayam Coconut Milk #​400ml,N/A,N/A,$4.10,$1.02 per 100mL,https://foodlandbalaklava.com.au//lines/ayam-coconut-milk-400ml
Foodland Balaklava,2025-05-04 23:55:36,Ayam Coconut Milk,270mL,N/A,$3.05,$1.13 per 100mL,https://foodlandbalaklava.com.au//lines/ayam-coconut-milk-270ml
Foodland Balaklava,2025-05-04 23:55:36,Ayam Hm Pad Thai Sauce,200g,N/A,$3.45,$1.72 per 100g,https://foodlandbalaklava.com.au//lines/ayam-hm-pad-thai-sauce-200g
Foodland Balaklava,2025-05-04 23:55:36,Ayam Sce Oyster,210mL,N/A,$4.20,$2.00 per 100mL,https://foodlandbalaklava.com.au//lines/ayam-sce-oyster-210ml
Foodland Balaklava,2025-05-04 23:55:37,B Honey Australian Pure Honey,450g,was $8.95,$7.00,$1.56 per 100g,https://foodlandbalaklava.com.au//lines/b-honey-sqze-450gm
Foodland Balaklava,2025-05-04 23:55:37,B/​Coll Vol Au Vent Mini 12pk,72g,N/A,$5.40,$7.50 per 100g,https://foodlandbalaklava.com.au//lines/b-coll-vol-au-vent-mini-12pk-72gm
Foodland Balaklava,2025-05-04 23:55:37,Black & Gold Glove Latex 50pk,N/A,N/A,$6.00,N/A,https://foodlandbalaklava.com.au//lines/b-gold-glove-latex-50pk
Foodland Balaklava,2025-05-04 23:55:37,Black & Gold MILK POWDER FULL CREAM,1kg,N/A,$10.00,$1.00 per 100g,https://foodlandbalaklava.com.au//lines/b-gold-milk-pdr-inst-f-crm-1kg
Foodland Balaklava,2025-05-04 23:55:37,Baby Bellies Organic Pumpkin & Carrot Softcorn,8g,was $2.10,$1.65,$20.62 per 100g,https://foodlandbalaklava.com.au//lines/b-bellies-sftcrn-pum-car-8gm
Foodland Balaklava,2025-05-04 23:55:37,Baby Bellies Organic Strawberry Pick Up Sticks,16g,was $3.95,$3.50,$21.88 per 100g,https://foodlandbalaklava.com.au//lines/b-bellies-p-up-stk-sbry-16gm
Foodland Balaklava,2025-05-04 23:55:37,Baby Boo Nappy Toddler Size4,N/A,N/A,$12.00,$0.24 Each,https://foodlandbalaklava.com.au//lines/baby-boo-nappy-todlr-sz4-50pk
Foodland Balaklava,2025-05-04 23:55:37,"Babylove Nappy Pants Size 5 (​12-17kg)​, 25 Pack 25pk",N/A,was $21.00,$19.50,$0.78 Each,https://foodlandbalaklava.com.au//lines/babylove-nappy-pant-wlkr-25s
Foodland Balaklava,2025-05-04 23:55:37,"Babylove Nappy Pants Size 5 (​12-17kg)​, 50 Pack",N/A,N/A,$32.55,$0.65 Each,https://foodlandbalaklava.com.au//lines/babylove-nappy-pant-wlkr-50s
Foodland Balaklava,2025-05-04 23:55:37,"Babylove Sleepynights Pants 4-7 Years (​18-35kg)​, 15 Pack",N/A,was $17.35,$16.00,$1.07 Each,https://foodlandbalaklava.com.au//lines/babylove-sleepynights-4-7rs15s
Foodland Balaklava,2025-05-04 23:55:37,"Babylove Swim Pants Large (​12-22kg)​, 9 Pack",N/A,N/A,$13.65,$1.52 Each,https://foodlandbalaklava.com.au//lines/babylove-swim-pants-lge-9s
Foodland Balaklava,2025-05-04 23:55:37,Bagel Boy Bagel Plain 4pk,400g,N/A,$5.80,$1.45 per 100g,https://foodlandbalaklava.com.au//lines/bgl-boy-bagel-bkd-plain-4s400g
Foodland Balaklava,2025-05-04 23:55:37,Bagel Boy Bagel Sesame 4pk,400g,N/A,$5.80,$1.45 per 100g,https://foodlandbalaklava.com.au//lines/bgl-boy-bagel-bkd-sesame-400g
Foodland Balaklava,2025-05-04 23:55:37,Baked Provision Orange Poppyseed Muffin Each,N/A,N/A,$3.50,N/A,https://foodlandbalaklava.com.au//lines/bkd-prvsn-or-poppyseed-muffin-ea
Foodland Balaklava,2025-05-04 23:55:37,Baked Provisions Beesting,N/A,N/A,$10.50,$3.09 per 100g,https://foodlandbalaklava.com.au//lines/bkd-prvsn-log-beesting-340g
Foodland Balaklava,2025-05-04 23:55:37,Bakers Collection Choc Brownie Slice 6pk,N/A,N/A,$8.00,$3.20 per 100g,https://foodlandbalaklava.com.au//lines/b-c-brownie-slice-230g
Foodland Balaklava,2025-05-04 23:55:37,Bakers Collection Pastry Flan,160g,N/A,$5.00,$3.12 per 100g,https://foodlandbalaklava.com.au//lines/b-coll-large-pastry-flan-160gm
Foodland Balaklava,2025-05-04 23:55:37,Bakers Collection Small Tart Shells 6pk,N/A,N/A,$5.10,$3.19 per 100g,https://foodlandbalaklava.com.au//lines/b-coll-tart-shells-160g-1
Foodland Balaklava,2025-05-04 23:55:37,Bakers Oven Dinner Rolls 6pk,N/A,N/A,$2.90,$0.48 Each,https://foodlandbalaklava.com.au//lines/b-ovn-rolls-t-b-dnr-wht-6pk
Foodland Balaklava,2025-05-04 23:55:37,Bakers Oven Hot Dog Roll 6pk,N/A,N/A,$3.00,$0.70 per 100g,https://foodlandbalaklava.com.au//lines/b-ovn-roll-hot-dog-sft-wht-6pk
Foodland Balaklava,2025-05-04 23:55:37,Bakers Oven Lunch Roll White 6pk,N/A,N/A,$3.00,$0.70 per 100g,https://foodlandbalaklava.com.au//lines/b-ovn-roll-lnch-sft-wht-6pk
Foodland Balaklava,2025-05-04 23:55:37,Bakers Provisions Donut Jam & Cream Twin Pack,N/A,N/A,$7.20,$4.80 per 100g,https://foodlandbalaklava.com.au//lines/bkd-prvsn-donut-jam-crm-150g
Foodland Balaklava,2025-05-04 23:55:37,Balducci Pennette No. 59,500g,was $2.00,$1.75,$0.35 per 100g,https://foodlandbalaklava.com.au//lines/balducci-pennette-59-500gm
Foodland Balaklava,2025-05-04 23:55:37,Balducci Spaghettini No. 3,500g,was $2.00,$1.75,$0.35 per 100g,https://foodlandbalaklava.com.au//lines/balducci-spaghettini-3-500gm
Foodland Balaklava,2025-05-04 23:55:37,Balfour Pie Sqr,175g,was $4.00,$3.40,$1.94 per 100g,https://foodlandbalaklava.com.au//lines/balfour-pie-sqr-175gm-2
Foodland Balaklava,2025-05-04 23:55:37,Balfours Fresh Iced Donut Clamshell,120g,was $3.29,$2.60,$2.17 per 100g,https://foodlandbalaklava.com.au//lines/balfours-donut-sprinkle-120g
Foodland Balaklava,2025-05-04 23:55:37,Balfours Fresh Premium Cornish Pasty,250g,N/A,$5.00,$2.00 per 100g,https://foodlandbalaklava.com.au//lines/balf-prem-pasty-cornish-250gm
Foodland Balaklava,2025-05-04 23:55:37,Balfours Homestyle Choc Chip Muffin,150g,N/A,$3.79,$2.53 per 100g,https://foodlandbalaklava.com.au//lines/balf-h-s-choc-chip-muffin-150g
Foodland Balaklava,2025-05-04 23:55:37,Balfours Premium Pie Beef,200g,N/A,$5.00,$2.50 per 100g,https://foodlandbalaklava.com.au//lines/balfours-prem-pie-beef-200gm
Foodland Balaklava,2025-05-04 23:55:37,Balfours Premium Pie Pepper Steak,200g,N/A,$5.00,$2.50 per 100g,https://foodlandbalaklava.com.au//lines/balf-pie-prem-ppr-stk-200gm
Foodland Balaklava,2025-05-04 23:55:37,Banana Boat Ultra Sunscreen Lotion Spf 50+,100g,N/A,$15.25,$15.25 per 100g,https://foodlandbalaklava.com.au//lines/ban-bt-sscrn-ultra-50-100gm
Foodland Balaklava,2025-05-04 23:55:37,Band-Aid Fabric Strips 50 Pack,N/A,was $5.25,$4.10,$0.08 Each,https://foodlandbalaklava.com.au//lines/band-aid-fabric-strips-50s
Foodland Balaklava,2025-05-04 23:55:37,Band-Aid Waterproof Tough Strips 20 Pack,N/A,was $4.75,$3.70,$0.18 Each,https://foodlandbalaklava.com.au//lines/bandaid-tough-strips-wtrprf20s
Foodland Balaklava,2025-05-04 23:55:37,Band-Aid Waterproof Tough Strips Extra Large 10 Pack,N/A,was $5.20,$3.70,$0.37 Each,https://foodlandbalaklava.com.au//lines/bandaid-tough-strips-wtrblk10s
Foodland Balaklava,2025-05-04 23:55:37,"Barilla Classic Penne Rigate Pasta,",500g,N/A,$3.70,$0.74 per 100g,https://foodlandbalaklava.com.au//lines/barilla-penne-rigate-n73-500gm
Foodland Balaklava,2025-05-04 23:55:37,Barossa Fine Foods Pork & Ale Sausages,N/A,N/A,$9.00,$1.88 per 100g,https://foodlandbalaklava.com.au//lines/barossa-gmet-steak-pale-ale-500g-1
Foodland Balaklava,2025-05-04 23:55:37,Barossa Lamb & Feta Sausages,480g,N/A,$9.00,$1.88 per 100g,https://foodlandbalaklava.com.au//lines/barossa-gmet-lamb-fetta-480g
Foodland Balaklava,2025-05-04 23:55:37,Barramundi,N/A,was $44.99,$35.90,N/A,https://foodlandbalaklava.com.au//lines/barramundi-1
Foodland Balaklava,2025-05-04 23:55:37,Batiste Eden Bloom Dry Shampoo | Fruity & Floral Fragrance | Instant Hair Refresh |,200mL,N/A,$14.70,$7.35 per 100mL,https://foodlandbalaklava.com.au//lines/batiste-s-poo-eden-dry-200ml
Foodland Balaklava,2025-05-04 23:55:37,Bazaar® White Lebanese Bread 6 Pack,500g,N/A,$4.40,$0.88 per 100g,https://foodlandbalaklava.com.au//lines/bazaar-leb-brd-white-6pk
Foodland Balaklava,2025-05-04 23:55:37,Bc Pork Gyoza 5 Pcs,140g,N/A,$8.50,$6.07 per 100g,https://foodlandbalaklava.com.au//lines/bc-chicken-gyoza-5pcs-120g-1
Foodland Balaklava,2025-05-04 23:55:37,Beans Mercurios Stringless,250g,N/A,$5.25,$21.00 per kg,https://foodlandbalaklava.com.au//lines/beans-mercurios-stringless-250g
Foodland Balaklava,2025-05-04 23:55:37,Beef Scotch Cube Roll,N/A,was $39.80 per kg,$48.00,$32.00 per kg,https://foodlandbalaklava.com.au//lines/beef-scotch-cube-roll
Foodland Balaklava,2025-05-04 23:55:37,Beef Striploin Rw,N/A,was $29.99 per kg,$28.00,$28.00 per kg,https://foodlandbalaklava.com.au//lines/beef-striploin-rw
Foodland Balaklava,2025-05-04 23:55:37,Beerenberg Chutney Hot Tom260gm,N/A,N/A,$5.90,$2.27 per 100g,https://foodlandbalaklava.com.au//lines/beerenberg-chutney-hot-260gm
Foodland Balaklava,2025-05-04 23:55:37,Beerenberg Chutney Tom,260g,N/A,$6.25,$2.40 per 100g,https://foodlandbalaklava.com.au//lines/beerenberg-chutney-tom-260gm
Foodland Balaklava,2025-05-04 23:55:37,Beerenberg Fig & Cinnamon Jam,300g,N/A,$4.80,$2.53 per 100g,https://foodlandbalaklava.com.au//lines/b-berg-fig-cinnamon-jam-190g
Foodland Balaklava,2025-05-04 23:55:37,Beerenberg Honey Mustard Dressing,300mL,N/A,$6.00,$2.00 per 100mL,https://foodlandbalaklava.com.au//lines/beerenberg-dres-hny-mstrd300ml
Foodland Balaklava,2025-05-04 23:55:38,Beerenberg Jam Sats Plum,300g,N/A,$6.20,$2.07 per 100g,https://foodlandbalaklava.com.au//lines/beerenbrg-jam-sats-plum-300gm
Foodland Balaklava,2025-05-04 23:55:38,Beerenberg Relish Burger,260g,N/A,$6.20,$2.38 per 100g,https://foodlandbalaklava.com.au//lines/beerenberg-relish-burger-260gm
Foodland Balaklava,2025-05-04 23:55:38,Beerenberg Relish E/​Pl&​Tom260gm,N/A,N/A,$6.20,$2.38 per 100g,https://foodlandbalaklava.com.au//lines/beerenbrg-relish-e-pl-tom280gm
Foodland Balaklava,2025-05-04 23:55:38,Beerenberg Sce Garlic,300mL,N/A,$6.00,$2.00 per 100mL,https://foodlandbalaklava.com.au//lines/beerenbrg-sce-garlic-300ml
Foodland Balaklava,2025-05-04 23:55:38,Beerenberg Sce Pepprcorn,300mL,N/A,$7.00,$2.33 per 100mL,https://foodlandbalaklava.com.au//lines/beerenbrg-sce-pepprcorn-300ml
Foodland Balaklava,2025-05-04 23:55:38,Beerenberg Smoky BBQ Relish,260g,N/A,$5.90,$2.27 per 100g,https://foodlandbalaklava.com.au//lines/beerenberg-smokey-bbq-relish-260g
Foodland Balaklava,2025-05-04 23:55:38,Beerenbrg Hot Tomato Sauce,300mL,N/A,$6.00,$2.00 per 100mL,https://foodlandbalaklava.com.au//lines/beerenbrg-sce-tom-hot-300ml
Foodland Balaklava,2025-05-04 23:55:38,Bega Almond Spread Crunchy,325g,was $7.23,$5.05,$1.55 per 100g,https://foodlandbalaklava.com.au//lines/bega-sprd-almnd-crnchy-325gm
Foodland Balaklava,2025-05-04 23:55:38,Bega Burger Slices,250g,N/A,$5.65,$22.60 per kg,https://foodlandbalaklava.com.au//lines/bega-chse-burger-slc-250g
Foodland Balaklava,2025-05-04 23:55:38,Bega Cheddar Cheese Block,250g,N/A,$5.25,$21.00 per kg,https://foodlandbalaklava.com.au//lines/bega-chse-ched-block-250g
Foodland Balaklava,2025-05-04 23:55:38,Bega Cream Cheese Spread,500g,N/A,$7.00,$1.40 per 100g,https://foodlandbalaklava.com.au//lines/bega-crm-chse-srpd-orig-500gm
Foodland Balaklava,2025-05-04 23:55:38,Bega Easy Melt Colby Cheese,250g,was $7.90,$6.50,$26.00 per kg,https://foodlandbalaklava.com.au//lines/bega-chse-colby-e-mlt-blk250gm
Foodland Balaklava,2025-05-04 23:55:38,Bega Farmers' Tasty Grated Cheese Lactose Free,300g,was $7.90,$6.50,$21.67 per kg,https://foodlandbalaklava.com.au//lines/bega-chse-l-fr-grated-300gm
Foodland Balaklava,2025-05-04 23:55:38,Bega Mild & Creamy Colby Cheese & Crackers,38g,N/A,$3.15,$82.89 per kg,https://foodlandbalaklava.com.au//lines/bega-chse-crkr-colby-38g
Foodland Balaklava,2025-05-04 23:55:38,Bega Original Slices,432g,N/A,$9.45,$21.88 per kg,https://foodlandbalaklava.com.au//lines/bega-chse-slc-reg-432g
Foodland Balaklava,2025-05-04 23:55:38,Bega Peanut Butter Crunchy,325g,N/A,$4.70,$1.45 per 100g,https://foodlandbalaklava.com.au//lines/bega-peanut-btr-crnch-nas325gm-1
Foodland Balaklava,2025-05-04 23:55:38,Bega Peanut Butter Crunchy,375g,was $4.90,$4.10,$1.09 per 100g,https://foodlandbalaklava.com.au//lines/bega-peanut-btr-crunchy-375gm
Foodland Balaklava,2025-05-04 23:55:38,Bega Peanut Butter Crunchy,470g,was $7.25,$4.95,$1.05 per 100g,https://foodlandbalaklava.com.au//lines/bega-peanut-btr-crunchy-470gm
Foodland Balaklava,2025-05-04 23:55:38,Bega Simply Nuts Natural Peanut Butter Smooth,325g,was $5.80,$3.90,$1.20 per 100g,https://foodlandbalaklava.com.au//lines/bega-simply-nuts-smooth-325gm
Foodland Balaklava,2025-05-04 23:55:38,Bega Strong & Bitey Vintage Cheese & Crackers,38g,N/A,$3.15,$82.89 per kg,https://foodlandbalaklava.com.au//lines/bega-chse-crkr-vint-s-b-38g
Foodland Balaklava,2025-05-04 23:55:38,Bega Strong & Bitey Vintage Grated Cheese,300g,was $7.90,$6.50,$21.67 per kg,https://foodlandbalaklava.com.au//lines/bega-chse-vint-s-bty-grtd300gm
Foodland Balaklava,2025-05-04 23:55:38,Ben's Original Egg Fried Microwave Rice Pouch,250g,was $4.20,$3.60,$1.44 per 100g,https://foodlandbalaklava.com.au//lines/bens-orig-rice-fried-egg250gm
Foodland Balaklava,2025-05-04 23:55:38,Benefiber Natural Fibre Supplement,155g,N/A,$13.15,$8.48 per 100g,https://foodlandbalaklava.com.au//lines/benefiber-dietary-fibre-155gm
Foodland Balaklava,2025-05-04 23:55:38,Berenberg Balsamic Beetroot Relish,300g,N/A,$6.00,$2.14 per 100g,https://foodlandbalaklava.com.au//lines/beerenberg-rlish-beetroot280gm
Foodland Balaklava,2025-05-04 23:55:38,Berenberg Cream Parmesan Sauce,300mL,N/A,$6.00,$2.00 per 100mL,https://foodlandbalaklava.com.au//lines/beerenbrg-dres-crmy-parm-300ml
Foodland Balaklava,2025-05-04 23:55:38,Berri Quelch 4 Natural Apple Berry,24 x 70mL,N/A,$8.20,$0.49 per 100mL,https://foodlandbalaklava.com.au//lines/quelch-fruit-berry-24x70ml
Foodland Balaklava,2025-05-04 23:55:38,Berri Quelch 4 Natural Tropical,24 x 70mL,N/A,$8.20,$0.49 per 100mL,https://foodlandbalaklava.com.au//lines/quelch-fruit-tropical-24x70ml
Foodland Balaklava,2025-05-04 23:55:38,Bertolli Classic Olive Oil,750mL,N/A,$27.30,$3.64 per 100mL,https://foodlandbalaklava.com.au//lines/bertolli-o-oil-classico-750ml
Foodland Balaklava,2025-05-04 23:55:38,Betty Crocker Chocolate Fudge Gluten Free Brownie Mix,450g,N/A,$8.40,$1.87 per 100g,https://foodlandbalaklava.com.au//lines/b-crock-brwnie-g-f-450gm
Foodland Balaklava,2025-05-04 23:55:38,Betty Crocker Rainbow Cookie Mix,495g,N/A,$7.35,$1.48 per 100g,https://foodlandbalaklava.com.au//lines/b-crock-ckie-r-b-w-m-m-495gm
Foodland Balaklava,2025-05-04 23:55:38,Betty Crocker Super Moist Red Velvet Cake Mix,450g,N/A,$6.30,$1.40 per 100g,https://foodlandbalaklava.com.au//lines/b-crock-c-mix-red-velvet-450gm
Foodland Balaklava,2025-05-04 23:55:38,Betty Crocker Triple Chocolate Muffin Mix,500g,N/A,$7.35,$1.47 per 100g,https://foodlandbalaklava.com.au//lines/b-crock-muf-triple-choc-500gm
Foodland Balaklava,2025-05-04 23:55:38,Betty Crocker Vanilla Cupcake Mix,370g,N/A,$6.30,$1.70 per 100g,https://foodlandbalaklava.com.au//lines/b-crock-c-cake-vanilla-370gm
Foodland Balaklava,2025-05-04 23:55:38,Bic 4 Colours Original Ballpoint Pen 1 Pack,N/A,N/A,$3.36,N/A,https://foodlandbalaklava.com.au//lines/bic-4-colour-pen-bp-1
Foodland Balaklava,2025-05-04 23:55:38,Bic Atlantis Retractable Ballpoint Pens Black 4 Pack,N/A,N/A,$6.30,N/A,https://foodlandbalaklava.com.au//lines/bic-atlantis-retrctble-blk-4pk-1
Foodland Balaklava,2025-05-04 23:55:38,Bic Cristal Original Ballpoint Pens Black 5 Pack,N/A,N/A,$3.10,N/A,https://foodlandbalaklava.com.au//lines/bic-cristal-black-pen-5pk
Foodland Balaklava,2025-05-04 23:55:38,Bic Flex 3 Mens Disposable Razors 4 Pack,N/A,was $6.50,$6.20,$1.55 Each,https://foodlandbalaklava.com.au//lines/bic-shvr-flex-3-mens-4s-1
Foodland Balaklava,2025-05-04 23:55:38,Bic Gelocity Gel Pens Black 2 Pack,N/A,N/A,$5.25,N/A,https://foodlandbalaklava.com.au//lines/bic-gelocity-orig-blk-2pk-s-c
Foodland Balaklava,2025-05-04 23:55:38,Bic Kids Cascade Coloured Markers 12 Pack,N/A,N/A,$5.15,N/A,https://foodlandbalaklava.com.au//lines/bic-cascade-markers-12pk
Foodland Balaklava,2025-05-04 23:55:38,Bic Shake N Squeeze 1pk,N/A,N/A,$4.15,N/A,https://foodlandbalaklava.com.au//lines/bic-correction-pen
Foodland Balaklava,2025-05-04 23:55:38,Bic Soleil Simply Womens Disposable Razors 3 Pack,N/A,N/A,$4.20,$1.40 Each,https://foodlandbalaklava.com.au//lines/bic-disp-raz-simply-soleil-3pk-1
Foodland Balaklava,2025-05-04 23:55:38,Bic Wite Out Ez Grip Correction Tape 1 Pack,N/A,N/A,$4.88,N/A,https://foodlandbalaklava.com.au//lines/bic-wite-out-ez-correction-tape
Foodland Balaklava,2025-05-04 23:55:38,Bickford's Diet Lime Cordial,750mL,N/A,$5.80,$7.73 per L,https://foodlandbalaklava.com.au//lines/bickfords-cord-diet-lme-750ml
Foodland Balaklava,2025-05-04 23:55:38,Bickfords Cord Lem/​L Bit,750mL,N/A,$5.80,$7.73 per L,https://foodlandbalaklava.com.au//lines/bickfords-cord-lem-l-bit-750ml
Foodland Balaklava,2025-05-04 23:55:38,Bickfords Lemon Barley Cordial,750mL,N/A,$5.80,$7.73 per L,https://foodlandbalaklava.com.au//lines/bickfords-lem-barley-wtr-750ml
Foodland Balaklava,2025-05-04 23:55:38,Bickfords Lemon Juice Cordial,750mL,N/A,$5.80,$7.73 per L,https://foodlandbalaklava.com.au//lines/bickfords-cord-lemon-750ml
Foodland Balaklava,2025-05-04 23:55:38,Bickfords Syrup Blackcurrant,750mL,N/A,$6.30,$8.40 per L,https://foodlandbalaklava.com.au//lines/bickfords-syrup-b-currant750ml
Foodland Balaklava,2025-05-04 23:55:38,Bickford’​S Sugar Free Tropical Flavour Cordial,750mL,N/A,$5.80,$7.73 per L,https://foodlandbalaklava.com.au//lines/bickfords-cord-s-f-trop-750ml
Foodland Balaklava,2025-05-04 23:55:39,Big Lolly Jersey Caramel,140g,was $2.95,$2.30,$1.64 per 100g,https://foodlandbalaklava.com.au//lines/big-lolly-jersey-caramel-140gm
Foodland Balaklava,2025-05-04 23:55:39,Biozet Attack 3d Clean Action F&​T Powder,2kg,N/A,$25.20,$12.60 per kg,https://foodlandbalaklava.com.au//lines/bio-zet-l-pwdr-3d-clean-2kg
Foodland Balaklava,2025-05-04 23:55:39,Birds Eye Air Baked Whiting,380g,N/A,$13.15,$34.61 per kg,https://foodlandbalaklava.com.au//lines/b-eye-fish-a-bke-whiting-380g
Foodland Balaklava,2025-05-04 23:55:39,Birds Eye Birdseye Cauli Rice,500g,N/A,$5.80,$11.60 per kg,https://foodlandbalaklava.com.au//lines/b-eye-cauliflwr-rice-500gm
Foodland Balaklava,2025-05-04 23:55:39,Birds Eye Chopped Onions,500g,was $3.85,$3.20,$6.40 per kg,https://foodlandbalaklava.com.au//lines/b-eye-onions-chopped-500gm
Foodland Balaklava,2025-05-04 23:55:39,Birds Eye Country Harvest Carrot,N/A,N/A,$6.85,$6.85 per kg,https://foodlandbalaklava.com.au//lines/b-eye-c-hrv-caul-carr-broc-1kg
Foodland Balaklava,2025-05-04 23:55:39,Birds Eye Country Harvest Carrot Cauliflower Beans Broccoli,500g,was $4.20,$3.50,$7.00 per kg,https://foodlandbalaklava.com.au//lines/b-eye-c-hrv-cr-cau-bn-brc500gm
Foodland Balaklava,2025-05-04 23:55:39,Birds Eye Country Harvest Mixed Vegetables,500g,was $4.20,$3.50,$7.00 per kg,https://foodlandbalaklava.com.au//lines/b-eye-c-hrv-mix-veg-500gm
Foodland Balaklava,2025-05-04 23:55:39,Birds Eye Country Harvest Peas & Supersweet Corn,1kg,N/A,$6.85,$6.85 per kg,https://foodlandbalaklava.com.au//lines/b-eye-c-harv-pea-corn-1kg
Foodland Balaklava,2025-05-04 23:55:39,Birds Eye Deli Barramundi Seasonal Catch,250g,N/A,$10.00,$40.00 per kg,https://foodlandbalaklava.com.au//lines/b-eye-fish-deli-seasonal-250gm
Foodland Balaklava,2025-05-04 23:55:39,Birds Eye Deli Flathead,250g,N/A,$10.00,$40.00 per kg,https://foodlandbalaklava.com.au//lines/b-eye-fish-deli-seas-f-hd250gm
Foodland Balaklava,2025-05-04 23:55:39,Birds Eye Deli Garlic & Herb Broccoli,500g,was $7.35,$5.60,$11.20 per kg,https://foodlandbalaklava.com.au//lines/b-eye-deli-broc-gar-herb-500g
Foodland Balaklava,2025-05-04 23:55:39,Birds Eye Deli Roast Potatoes Glazed With Duck Fat,600g,N/A,$7.35,$12.25 per kg,https://foodlandbalaklava.com.au//lines/b-eye-pot-deli-duck-fat-600gm
Foodland Balaklava,2025-05-04 23:55:39,Birds Eye Deli Rst Ros & Gar,600g,N/A,$6.30,$10.50 per kg,https://foodlandbalaklava.com.au//lines/b-eye-deli-rst-ros-gar-600gm
Foodland Balaklava,2025-05-04 23:55:39,Birds Eye Lattice Golden Crunch,750g,N/A,$7.35,$9.80 per kg,https://foodlandbalaklava.com.au//lines/b-eye-gldn-crnch-lattice-750g
Foodland Balaklava,2025-05-04 23:55:39,Birds Eye Plant Based Succulent Meatballs,300g,was $8.00,$6.80,$2.27 per 100g,https://foodlandbalaklava.com.au//lines/b-eye-plnt-bs-meatballs-300gm
Foodland Balaklava,2025-05-04 23:55:39,Birds Eye Plant Based Wholemeal Crumb Chicken Style Tenders,300g,was $8.00,$6.80,$2.27 per 100g,https://foodlandbalaklava.com.au//lines/b-eye-plnt-bs-chkn-tendr-300gm
Foodland Balaklava,2025-05-04 23:55:39,Birds Eye S/​S Farmhouse Mix,600g,was $7.35,$6.20,$10.33 per kg,https://foodlandbalaklava.com.au//lines/b-eye-s-s-farmhouse-mix-600gm
Foodland Balaklava,2025-05-04 23:55:39,Birds Eye Steam Fresh Carrot Broccoli & Corn Mix,750g,N/A,$5.50,$7.33 per kg,https://foodlandbalaklava.com.au//lines/b-eye-s-frsh-car-bro-crn-750gm
Foodland Balaklava,2025-05-04 23:55:39,Birds Eye Steam Fresh Fish Fillets With Parsley Citrus Sauce,380g,N/A,$10.50,$27.63 per kg,https://foodlandbalaklava.com.au//lines/b-eye-fish-steam-cit-par-380gm
Foodland Balaklava,2025-05-04 23:55:39,Birds Eye Steam Fresh Pea Bean Corn & Broccoli,750g,N/A,$5.50,$7.33 per kg,https://foodlandbalaklava.com.au//lines/b-eye-s-frsh-pea-crn-brc-750gm
Foodland Balaklava,2025-05-04 23:55:39,Birds Eye Stir Fry Shanghai,500g,N/A,$4.75,$9.50 per kg,https://foodlandbalaklava.com.au//lines/b-eye-s-fry-veg-shanghai-500gm
Foodland Balaklava,2025-05-04 23:55:39,Birds Eye Stir Fry Supreme,850g,was $5.80,$5.50,$6.47 per kg,https://foodlandbalaklava.com.au//lines/b-eye-supreme-mix-850gm
Foodland Balaklava,2025-05-04 23:55:39,Bird’​S Eye Sliced Green Beans,825g,was $6.95,$4.70,$5.70 per kg,https://foodlandbalaklava.com.au//lines/b-eye-beans-sliced-green-825g
Foodland Balaklava,2025-05-04 23:55:39,Bitepatch Mosquito Bite Relief,N/A,N/A,$9.95,$0.41 Each,https://foodlandbalaklava.com.au//lines/bitepatch-skin-24pk
Foodland Balaklava,2025-05-04 23:55:39,Black & Gold Aluminium Foil,30 x 30m,N/A,$4.55,$0.15 per cm,https://foodlandbalaklava.com.au//lines/b-gold-foil-aluminium-30cmx30m
Foodland Balaklava,2025-05-04 23:55:39,Black & Gold Barbecue Sauce,2L,N/A,$5.30,$0.26 per 100mL,https://foodlandbalaklava.com.au//lines/b-gold-sce-barbecue-2l
Foodland Balaklava,2025-05-04 23:55:39,Black & Gold Bisc Scotch Finger250gm,N/A,N/A,$1.25,$0.50 per 100g,https://foodlandbalaklava.com.au//lines/b-gold-bisc-scotch-finger250gm
Foodland Balaklava,2025-05-04 23:55:39,Black & Gold Clingwrap 33cmx60m,N/A,N/A,$1.65,$0.03 per cm,https://foodlandbalaklava.com.au//lines/b-gold-clingwrap-33cmx60m
Foodland Balaklava,2025-05-04 23:55:39,Black & Gold Cream Cheese,245g,N/A,$2.90,$11.84 per kg,https://foodlandbalaklava.com.au//lines/b-gold-sprd-cream-chse-245gm
Foodland Balaklava,2025-05-04 23:55:39,Black & Gold Curry Powder,100g,N/A,$2.25,$2.25 per 100g,https://foodlandbalaklava.com.au//lines/b-gold-curry-powder-100gm
Foodland Balaklava,2025-05-04 23:55:39,Black & Gold Dogfood Meat,700g,N/A,$2.75,$0.39 per 100g,https://foodlandbalaklava.com.au//lines/b-gold-dogfood-meat-700gm
Foodland Balaklava,2025-05-04 23:55:39,Black & Gold Drink Apple,6mL,N/A,$3.70,$2.47 per L,https://foodlandbalaklava.com.au//lines/b-gold-drk-apple-6x250ml
Foodland Balaklava,2025-05-04 23:55:39,Black & Gold Fly Spray Pine,300g,N/A,$3.00,$1.00 per 100g,https://foodlandbalaklava.com.au//lines/b-gold-fly-spray-pine-300gm
Foodland Balaklava,2025-05-04 23:55:39,Black & Gold Foil Tray & Lid 6pk,N/A,N/A,$2.50,N/A,https://foodlandbalaklava.com.au//lines/b-gold-foil-tray-lid-6pk
Foodland Balaklava,2025-05-04 23:55:39,Black & Gold Freezer Bags Small 120,N/A,N/A,$0.90,$0.01 Each,https://foodlandbalaklava.com.au//lines/b-gold-freezer-bags-sml-120s
Foodland Balaklava,2025-05-04 23:55:39,Black & Gold Ground Black Pepper,50g,N/A,$1.65,$0.33 per 10g,https://foodlandbalaklava.com.au//lines/b-gold-pepper-black-grnd-50gm
Foodland Balaklava,2025-05-04 23:55:39,Black & Gold Ice Cream Cones,N/A,N/A,$3.50,$3.24 per 100g,https://foodlandbalaklava.com.au//lines/b-gold-i-crm-cones-cornet-30s
Foodland Balaklava,2025-05-04 23:55:39,Black & Gold Large Storage Basket,N/A,N/A,$7.00,N/A,https://foodlandbalaklava.com.au//lines/b-gold-storage-basket-lrg-1ea
Foodland Balaklava,2025-05-04 23:55:39,Black & Gold Latex Gloves,N/A,N/A,$8.00,N/A,https://foodlandbalaklava.com.au//lines/b-gold-glove-latex-100pk
Foodland Balaklava,2025-05-04 23:55:39,Black & Gold Lemon Dish Washer Liquid,1L,N/A,$1.40,$1.40 per L,https://foodlandbalaklava.com.au//lines/b-gold-lemon-d-wash-liq-1l
Foodland Balaklava,2025-05-04 23:55:39,Black & Gold Methylated Spirit,1L,N/A,$6.40,$0.64 per 100mL,https://foodlandbalaklava.com.au//lines/b-gold-methylated-spirit-1l
Foodland Balaklava,2025-05-04 23:55:39,Black & Gold Nice Biscuits,200g,N/A,$1.85,$0.92 per 100g,https://foodlandbalaklava.com.au//lines/b-gold-bisc-nice-200gm
Foodland Balaklava,2025-05-04 23:55:39,"Black & Gold Orange, Cola, Lime & Raspberry Water Ices 24",N/A,N/A,$4.75,$0.28 per 100mL,https://foodlandbalaklava.com.au//lines/b-gold-water-ice-24x70ml
Foodland Balaklava,2025-05-04 23:55:39,Black & Gold Paper Cups 15pk,N/A,N/A,$4.36,$29.07 Units100,https://foodlandbalaklava.com.au//lines/b-gold-paper-cups-15-x-450ml
Foodland Balaklava,2025-05-04 23:55:39,Black & Gold Peach Slices In Light Syrup,825g,N/A,$3.00,$3.64 per kg,https://foodlandbalaklava.com.au//lines/b-gold-peach-slc-l-syrp-825gm
Foodland Balaklava,2025-05-04 23:55:39,Black & Gold Popping Corn,500g,N/A,$2.45,$0.49 per 100g,https://foodlandbalaklava.com.au//lines/b-gold-corn-popping-500gm
Foodland Balaklava,2025-05-04 23:55:39,Black & Gold Regular Household Wipes 10's,N/A,N/A,$1.10,$0.11 Each,https://foodlandbalaklava.com.au//lines/b-gold-household-wipes-10s
Foodland Balaklava,2025-05-04 23:55:40,Black & Gold Scourer Pads 5 Pack,N/A,N/A,$0.60,$0.12 Each,https://foodlandbalaklava.com.au//lines/b-gold-scourers-5pk
Foodland Balaklava,2025-05-04 23:55:40,Black & Gold Smoked Oysters,100g,N/A,$2.25,$22.50 per kg,https://foodlandbalaklava.com.au//lines/b-gold-oysters-smoked-100gm
Foodland Balaklava,2025-05-04 23:55:40,Black & Gold Sour Cream Lite,300mL,N/A,$3.40,$1.13 per 100mL,https://foodlandbalaklava.com.au//lines/b-gold-cream-sour-lite-300ml
Foodland Balaklava,2025-05-04 23:55:40,Black & Gold Spaghetti,500g,N/A,$0.90,$0.18 per 100g,https://foodlandbalaklava.com.au//lines/b-gold-spaghetti-500gm
Foodland Balaklava,2025-05-04 23:55:40,Black & Gold Sponges 5pk,N/A,N/A,$1.80,$0.36 Each,https://foodlandbalaklava.com.au//lines/b-gold-sponges-5pk
Foodland Balaklava,2025-05-04 23:55:40,Black & Gold Super Glue,N/A,N/A,$3.00,N/A,https://foodlandbalaklava.com.au//lines/b-gold-super-glue-3pk-1
Foodland Balaklava,2025-05-04 23:55:40,Black & Gold Surface Spray Low Irritant,250g,N/A,$3.49,$1.40 per 100g,https://foodlandbalaklava.com.au//lines/b-gold-srf-spry-l-irrit-250gm
Foodland Balaklava,2025-05-04 23:55:40,Black & Gold Sweet Chilli Sauce,700mL,N/A,$2.95,$0.42 per 100mL,https://foodlandbalaklava.com.au//lines/b-gold-sweet-chilli-sce-700ml
Foodland Balaklava,2025-05-04 23:55:40,Black & Gold Tomato Paste,140g,N/A,$0.90,$0.64 per 100g,https://foodlandbalaklava.com.au//lines/b-gold-tomato-paste-140gm
Foodland Balaklava,2025-05-04 23:55:40,Black & Gold Tuna Chunks In Oil,185g,N/A,$1.70,$9.19 per kg,https://foodlandbalaklava.com.au//lines/b-gold-tuna-chunk-oil-185gm
Foodland Balaklava,2025-05-04 23:55:40,Black & Gold Tuna Chunks In Springwater,185g,N/A,$1.70,$9.19 per kg,https://foodlandbalaklava.com.au//lines/b-gold-tuna-chunk-sprwtr-185gm
Foodland Balaklava,2025-05-04 23:55:40,Black & Gold Vanilla Ice Cream,2L,N/A,$4.50,$0.22 per 100mL,https://foodlandbalaklava.com.au//lines/b-gold-i-crm-vanilla-2l
Foodland Balaklava,2025-05-04 23:55:40,Black & Gold Worcestershire Sauce,500mL,N/A,$4.00,$0.80 per 100mL,https://foodlandbalaklava.com.au//lines/b-gold-sce-worcester-500ml
Foodland Balaklava,2025-05-04 23:55:40,Black And Gold Foil Tray BBQ 4pk,N/A,N/A,$5.00,N/A,https://foodlandbalaklava.com.au//lines/b-gold-foil-tray-bbq-4pk
Foodland Balaklava,2025-05-04 23:55:40,Black And Gold Pear Halves Light Syrup,825g,N/A,$4.00,$4.85 per kg,https://foodlandbalaklava.com.au//lines/b-gold-pear-hlv-light-syr825gm-1
Foodland Balaklava,2025-05-04 23:55:40,Black Swan French Onion Dip,200g,N/A,$4.50,$2.25 per 100g,https://foodlandbalaklava.com.au//lines/blck-swan-french-onion-dip-200g
Foodland Balaklava,2025-05-04 23:55:40,Blue Banner Pickled Onions Sliced Red Onion,525g,was $6.99,$6.20,$11.81 per kg,https://foodlandbalaklava.com.au//lines/blue-banner-red-sliced-onion525gm
Foodland Balaklava,2025-05-04 23:55:40,"Blue Ribbon Frozen Dessert Australia’​S No.​1 Vanilla Tub* Classic Vanilla Made With Creamy, Wholesome Buttermilk",2L,N/A,$6.50,$0.32 per 100mL,https://foodlandbalaklava.com.au//lines/str-b-ribbon-i-crm-vanilla-2l
Foodland Balaklava,2025-05-04 23:55:40,Bob Martin Kitten Deworm Paste 1pk,N/A,was $12.50,$11.30,N/A,https://foodlandbalaklava.com.au//lines/b-martin-kitten-deworm-pste1pk
Foodland Balaklava,2025-05-04 23:55:40,Bonds Grl Bik 8/​10 + 10/​12 4pk,N/A,was $17.85,$8.50,N/A,https://foodlandbalaklava.com.au//lines/bonds-grl-bik-8-10-10-12-4pk
Foodland Balaklava,2025-05-04 23:55:40,Bonds Kids Low Cut Socks 13+,N/A,was $14.70,$7.00,N/A,https://foodlandbalaklava.com.au//lines/bonds-sock-kid-l-cut-13-3pk-2
Foodland Balaklava,2025-05-04 23:55:40,Bonds Women’​S Logo Low Cut Socks Size 3-8,N/A,was $16.00,$8.00,N/A,https://foodlandbalaklava.com.au//lines/bonds-womens-logo-lowcut-3pk
Foodland Balaklava,2025-05-04 23:55:40,Bosisto's Eucalyptus Oil,175mL,was $17.85,$14.80,$8.46 per 100mL,https://foodlandbalaklava.com.au//lines/bosistos-oil-eucalyptus-175ml
Foodland Balaklava,2025-05-04 23:55:40,Bosisto's Sensitive Laundry Liquid,1.2L,N/A,$13.65,$11.38 per L,https://foodlandbalaklava.com.au//lines/bosistos-l-liq-sensitive-1-2l
Foodland Balaklava,2025-05-04 23:55:40,Bounty Coconut Milk Chocolate Bar,56g,was $2.65,$1.25,$2.23 per 100g,https://foodlandbalaklava.com.au//lines/bounty-bar-56g
Foodland Balaklava,2025-05-04 23:55:40,Brasilia Beans Supa Crema,500g,N/A,$17.65,$35.30 per kg,https://foodlandbalaklava.com.au//lines/brasilia-supa-crema-bean-500g
Foodland Balaklava,2025-05-04 23:55:40,"Bref Blue Active Flower, Rim Block Toilet Cleaner,",50g,was $7.35,$6.50,$13.00 per 100g,https://foodlandbalaklava.com.au//lines/bref-tlt-clnr-blu-flw-bls-50gm
Foodland Balaklava,2025-05-04 23:55:40,"Bref Brilliant Gel Arctic Ocean, Rim Block Toilet Cleaner",42g,was $7.35,$6.50,$15.48 per 100g,https://foodlandbalaklava.com.au//lines/bref-brill-gel-arct-ocean-42gm
Foodland Balaklava,2025-05-04 23:55:40,"Bref Power Active Juicy Lemon, Rim Block Toilet Cleaner,",2 x 50g,was $11.55,$5.50,$5.50 per 100g,https://foodlandbalaklava.com.au//lines/bref-pow-act-lemon-2x50gm
Foodland Balaklava,2025-05-04 23:55:40,"Bref Turquoise Active Ocean, Rim Block Toilet Cleaner,",50g,was $7.35,$6.50,$13.00 per 100g,https://foodlandbalaklava.com.au//lines/bref-active-turquis-ocn-50gm
Foodland Balaklava,2025-05-04 23:55:40,Bref Ultimate Gel Ultra Bleach Power Citrus Toilet Cleaner,600mL,was $7.35,$6.30,$1.05 per 100mL,https://foodlandbalaklava.com.au//lines/bref-ult-gel-bleach-pwr-600ml
Foodland Balaklava,2025-05-04 23:55:40,Brisket Half Cut Point End Rw,N/A,was $17.99,$16.00,N/A,https://foodlandbalaklava.com.au//lines/brisket-half-cut-point-end-rw-1
Foodland Balaklava,2025-05-04 23:55:40,Britex Low Foaming Upholstery Cleaner,500mL,N/A,$14.99,$3.00 per 100mL,https://foodlandbalaklava.com.au//lines/britex-upholstery-clnr-500ml-2
Foodland Balaklava,2025-05-04 23:55:40,Brownes Dairy Natural Coconut Yogurt,1kg,was $8.65,$5.95,$0.60 per 100g,https://foodlandbalaklava.com.au//lines/brownes-ygt-nat-coconut-1kg
Foodland Balaklava,2025-05-04 23:55:40,Brownes Greek Style Yoghurt,1kg,was $8.65,$5.95,$0.60 per 100g,https://foodlandbalaklava.com.au//lines/brownes-ygt-greek-1kg
Foodland Balaklava,2025-05-04 23:55:40,Brownes Natural Yoghurt With Vanilla Bean,170g,N/A,$2.80,$1.65 per 100g,https://foodlandbalaklava.com.au//lines/brownes-ygt-van-thk-crmy-170gm
Foodland Balaklava,2025-05-04 23:55:40,Brownes Ygt Nat Ban&​Hny,1kg,was $8.65,$5.95,$0.60 per 100g,https://foodlandbalaklava.com.au//lines/brownes-ygt-nat-ban-hny-1kg
Foodland Balaklava,2025-05-04 23:55:40,Brunswick Sardines Olive Oil,106g,N/A,$3.05,$2.88 per 100g,https://foodlandbalaklava.com.au//lines/brunswick-sardines-olive-oil-106g
Foodland Balaklava,2025-05-04 23:55:40,Brunswick Sardines Spring Water Nas,106g,N/A,$3.05,$28.77 per kg,https://foodlandbalaklava.com.au//lines/brunswick-sardines-spring-water-nas-106g
Foodland Balaklava,2025-05-04 23:55:40,Brunswick Sardines Tomato Sauce,106g,N/A,$3.05,$28.77 per kg,https://foodlandbalaklava.com.au//lines/brunswick-sardines-tomato-sauce-106g
Foodland Balaklava,2025-05-04 23:55:40,Brussels Sprouts Pre Packed,400g,N/A,$4.95,$12.38 per kg,https://foodlandbalaklava.com.au//lines/brussels-sprouts-pre-pack-400g-1
Foodland Balaklava,2025-05-04 23:55:40,Brut Original 24hr Anti-Perspirant,130g,N/A,$8.95,$6.88 per 100g,https://foodlandbalaklava.com.au//lines/brut-anti-pers-24hr-orig-130gm
Foodland Balaklava,2025-05-04 23:55:40,Bull's-Eye® Original BBQ Sauce,300mL,was $4.20,$2.85,$0.95 per 100mL,https://foodlandbalaklava.com.au//lines/b-eye-sce-bbq-orig-300ml
Foodland Balaklava,2025-05-04 23:55:40,Bulla Cool Down Assortment,N/A,N/A,$16.95,$0.77 per 100mL,https://foodlandbalaklava.com.au//lines/bulla-m-p-cool-down-30s
Foodland Balaklava,2025-05-04 23:55:40,Bulla Creamy Classics Mint Choc Chip 2,N/A,was $11.55,$7.00,$0.35 per 100mL,https://foodlandbalaklava.com.au//lines/bulla-i-crm-crm-cls-mnt-c-ch2l
Foodland Balaklava,2025-05-04 23:55:40,Bulla Light Sour Cream Light Lactose Free,200g,was $4.30,$3.70,$1.85 per 100g,https://foodlandbalaklava.com.au//lines/bulla-sour-crm-lite-l-free-200g
Foodland Balaklava,2025-05-04 23:55:40,Bulla Mango Frozen Yoghurt,1L,was $7.35,$5.75,$0.58 per 100mL,https://foodlandbalaklava.com.au//lines/bulla-frzn-ygt-mango-1l
Foodland Balaklava,2025-05-04 23:55:40,Bulla Splits Summer Variety Pack,N/A,N/A,$9.45,$1.26 per 100mL,https://foodlandbalaklava.com.au//lines/bulla-i-crem-summer-var-10s
Foodland Balaklava,2025-05-04 23:55:42,Bulla Vanilla Crunch,N/A,N/A,$9.45,$1.50 per 100mL,https://foodlandbalaklava.com.au//lines/bulla-i-crm-crunch-vanilla-8s
Foodland Balaklava,2025-05-04 23:55:42,Bundaberg Brown Sugar,1kg,was $3.50,$3.15,$0.32 per 100g,https://foodlandbalaklava.com.au//lines/bundaberg-brown-sugar-1kg
Foodland Balaklava,2025-05-04 23:55:42,Bundaberg Diet Ginger Beer Bottle,750mL,N/A,$4.05,$5.40 per L,https://foodlandbalaklava.com.au//lines/b-berg-ginger-beer-diet-750ml
Foodland Balaklava,2025-05-04 23:55:42,Bundaberg Ginger Beer Mini Cans 6.​0x200ml,N/A,N/A,$8.50,$7.08 per L,https://foodlandbalaklava.com.au//lines/b-berg-ginger-beer-6x200ml
Foodland Balaklava,2025-05-04 23:55:42,Bundaberg Lemon Lime & Bitters,10 x 375mL,N/A,$18.45,$4.92 per L,https://foodlandbalaklava.com.au//lines/b-berg-lem-lime-bitter10x375ml
Foodland Balaklava,2025-05-04 23:55:42,Bundaberg Pink Grapefruit Can 6 Pack,200mL,N/A,$8.50,$7.08 per L,https://foodlandbalaklava.com.au//lines/b-berg-pink-g-fruit-c6-200ml
Foodland Balaklava,2025-05-04 23:55:42,Bundaberg Sarsaparilla Bottles,4 x 375mL,was $8.10,$6.90,$4.60 per L,https://foodlandbalaklava.com.au//lines/b-berg-sarsaparilla-4x375ml
Foodland Balaklava,2025-05-04 23:55:42,Burger Rings Puffs Corn Snacks Party Bag Tangy Burger,220g,N/A,$4.00,$1.82 per 100g,https://foodlandbalaklava.com.au//lines/burger-rings-220gm
Foodland Balaklava,2025-05-04 23:55:42,Bushland Dishwashing Detergent Lemon Fresh 2,N/A,N/A,$5.50,$0.28 per 100mL,https://foodlandbalaklava.com.au//lines/b-land-deterg-lemon-2l
Foodland Balaklava,2025-05-04 23:55:42,Butter Menthol Original Sore Throat Lozenges + Vitamin C 3x10 Pack,N/A,was $6.85,$6.20,$5.17 per 100g,https://foodlandbalaklava.com.au//lines/butter-menthol-m-p-3x40g
Foodland Balaklava,2025-05-04 23:55:42,Cabbage Chinese,N/A,N/A,$11.90,N/A,https://foodlandbalaklava.com.au//lines/cabbage-chinese
Foodland Balaklava,2025-05-04 23:55:42,Cadbury Baking Chips White Choc,200g,was $6.30,$5.85,$2.92 per 100g,https://foodlandbalaklava.com.au//lines/cad-cook-choc-white-chip-200gm
Foodland Balaklava,2025-05-04 23:55:42,Cadbury Baking Chocolate,180g,was $6.30,$6.00,$3.33 per 100g,https://foodlandbalaklava.com.au//lines/cad-baking-choc-dark-180gm
Foodland Balaklava,2025-05-04 23:55:42,Cadbury Bubbly Mint Bunny,32g,N/A,$2.50,$7.81 per 100g,https://foodlandbalaklava.com.au//lines/cad-bunny-bubbly-mnt-32gm
Foodland Balaklava,2025-05-04 23:55:42,Cadbury Caramilk,180g,was $8.00,$5.50,$3.06 per 100g,https://foodlandbalaklava.com.au//lines/cad-choc-caramilk-180gm
Foodland Balaklava,2025-05-04 23:55:42,Cadbury Caramilk Caramelised White Chocolate Large Block,315g,N/A,$8.50,$2.70 per 100g,https://foodlandbalaklava.com.au//lines/cad-choc-caramilk-315gm
Foodland Balaklava,2025-05-04 23:55:42,Cadbury Caramilk Multipack,4 x 90mL,was $12.60,$11.05,$3.07 per 100mL,https://foodlandbalaklava.com.au//lines/cad-m-p-i-crm-caramilk-4pk
Foodland Balaklava,2025-05-04 23:55:42,Cadbury Cookies Choc Centre,156g,N/A,$5.80,$3.72 per 100g,https://foodlandbalaklava.com.au//lines/cad-choc-ckie-crnchy-fill156gm
Foodland Balaklava,2025-05-04 23:55:42,Cadbury Curly Wurly,21.5g,N/A,$1.00,$4.76 per 100g,https://foodlandbalaklava.com.au//lines/cad-curly-wurly-choc-21-5gm
Foodland Balaklava,2025-05-04 23:55:42,Cadbury Dairy Milk Breakaway,44g,was $2.65,$2.05,$4.66 per 100g,https://foodlandbalaklava.com.au//lines/cad-choc-breakaway-44gm
Foodland Balaklava,2025-05-04 23:55:42,Cadbury Dairy Milk Bubbly Mint Milk Chocolate Block,160g,was $8.00,$5.50,$3.44 per 100g,https://foodlandbalaklava.com.au//lines/cad-choc-bubbly-blk-mint-160gm
Foodland Balaklava,2025-05-04 23:55:42,Cadbury Dairy Milk Chocolate Roll Pack,55g,was $2.65,$2.05,$3.73 per 100g,https://foodlandbalaklava.com.au//lines/cad-choc-roll-d-milk-2031-55gm
Foodland Balaklava,2025-05-04 23:55:42,Cadbury Dairy Milk Hazelnut Ice Cream 4 Pack,360mL,was $12.60,$11.05,$3.07 per 100mL,https://foodlandbalaklava.com.au//lines/cad-m-p-i-crm-hazelnut-4s
Foodland Balaklava,2025-05-04 23:55:42,Cadbury Dairy Milk Snack Milk Chocolate Block,180g,was $8.00,$5.50,$3.06 per 100g,https://foodlandbalaklava.com.au//lines/cad-choc-snack-180gm
Foodland Balaklava,2025-05-04 23:55:42,Cadbury Dairy Milk Top Deck Bites,135g,was $7.35,$5.15,$3.81 per 100g,https://foodlandbalaklava.com.au//lines/cad-choc-bites-top-deck-135gm
Foodland Balaklava,2025-05-04 23:55:42,Cadbury Drinking Chocolate Canister,250g,was $5.80,$5.05,$2.02 per 100g,https://foodlandbalaklava.com.au//lines/cad-drink-chocolate-250gm
Foodland Balaklava,2025-05-04 23:55:42,Cadbury Drinking Chocolate Canister,450g,N/A,$7.00,$1.56 per 100g,https://foodlandbalaklava.com.au//lines/cad-drink-chocolate-450gm
Foodland Balaklava,2025-05-04 23:55:42,Cadbury Mini Rolls 5pk,N/A,was $6.30,$5.00,$4.35 per 100g,https://foodlandbalaklava.com.au//lines/cad-rolls-mini-choc-5pk
Foodland Balaklava,2025-05-04 23:55:42,Cadbury Raspberry Mini Rolls 5pk,N/A,was $6.30,$5.00,$4.17 per 100g,https://foodlandbalaklava.com.au//lines/cadbury-raspberry-miniroll-5pk-115gm
Foodland Balaklava,2025-05-04 23:55:42,Cadbury Shortcake Biscuit Slices,170g,was $8.00,$5.50,$3.24 per 100g,https://foodlandbalaklava.com.au//lines/cad-choc-shrtcke-bsc-slc-170g
Foodland Balaklava,2025-05-04 23:55:42,Calbee Harvest Snaps Pea Crisps Original Salted,120g,N/A,$5.25,$4.38 per 100g,https://foodlandbalaklava.com.au//lines/harvest-snap-orig-slt-120gm
Foodland Balaklava,2025-05-04 23:55:42,Calbee Harvest Snaps Pea Crisps Salt & Vinegar,120g,N/A,$5.25,$4.38 per 100g,https://foodlandbalaklava.com.au//lines/harvest-snap-slt-vin-120gm
Foodland Balaklava,2025-05-04 23:55:42,Camelion Alkaline Aaa's Battery 10pk,N/A,N/A,$9.00,N/A,https://foodlandbalaklava.com.au//lines/camelion-alkaline-aaa-s-battery-10pk
Foodland Balaklava,2025-05-04 23:55:42,Camelion Battery S/​H/​Dty 9v Bp1,N/A,N/A,$2.00,N/A,https://foodlandbalaklava.com.au//lines/batt-camln-s-h-dty-9v-bp1
Foodland Balaklava,2025-05-04 23:55:42,Camelion Battery S/​H/​Dty Aaa Bp4,N/A,N/A,$2.00,N/A,https://foodlandbalaklava.com.au//lines/batt-camln-s-h-dty-aaa-bp4
Foodland Balaklava,2025-05-04 23:55:42,Camelion Shd Battery Aa 10pk,N/A,N/A,$4.00,N/A,https://foodlandbalaklava.com.au//lines/batt-camln-s-h-dty-aa-bp10
Foodland Balaklava,2025-05-04 23:55:42,Campbell's Condensed Soup Cream Of Mushroom,420g,N/A,$1.95,$0.46 per 100g,https://foodlandbalaklava.com.au//lines/camp-soup-crm-mushroom-420gm
Foodland Balaklava,2025-05-04 23:55:42,Campbell's Real Stock Beef Stock,250mL,N/A,$1.80,$0.72 per 100mL,https://foodlandbalaklava.com.au//lines/camp-real-stock-beef-250ml
Foodland Balaklava,2025-05-04 23:55:42,Campbell's Real Stock Beef Stock,500mL,was $2.90,$2.60,$0.52 per 100mL,https://foodlandbalaklava.com.au//lines/camp-real-stock-beef-500ml
Foodland Balaklava,2025-05-04 23:55:42,Campbell's Real Stock Salt Reduced Chicken Stock,500mL,was $2.90,$2.60,$0.52 per 100mL,https://foodlandbalaklava.com.au//lines/camp-real-stock-chick-s-r500ml
Foodland Balaklava,2025-05-04 23:55:42,Campbell's Real Stock Vegetable Stock,1L,N/A,$4.50,$0.45 per 100mL,https://foodlandbalaklava.com.au//lines/camp-real-stock-vegetable-1l
Foodland Balaklava,2025-05-04 23:55:42,Campbell's Real Stock Vegetable Stock,500mL,was $2.90,$2.60,$0.52 per 100mL,https://foodlandbalaklava.com.au//lines/camp-real-stock-veg-500ml
Foodland Balaklava,2025-05-04 23:55:42,Campbell's Soup Chunky Ham & Pea,505g,was $4.75,$3.50,$0.69 per 100g,https://foodlandbalaklava.com.au//lines/camp-soup-chnky-pea-ham-505gm
Foodland Balaklava,2025-05-04 23:55:42,Campbell's Spaghetti Sauce With Beef,665g,N/A,$5.45,$0.82 per 100g,https://foodlandbalaklava.com.au//lines/camp-spag-sce-with-beef-665gm
Foodland Balaklava,2025-05-04 23:55:42,Cancer Council Ultra Sunscreen Spf50+,110mL,N/A,$14.70,$13.36 per 100mL,https://foodlandbalaklava.com.au//lines/can-council-s-s-ultra50-110ml
Foodland Balaklava,2025-05-04 23:55:42,Capilano Honey Creamed,500g,N/A,$9.25,$1.85 per 100g,https://foodlandbalaklava.com.au//lines/capilano-honey-creamed-500g
Foodland Balaklava,2025-05-04 23:55:42,Capilano Honey Upside Down,340g,was $6.95,$6.20,$1.82 per 100g,https://foodlandbalaklava.com.au//lines/capilano-honey-ud-packs-340gm
Foodland Balaklava,2025-05-04 23:55:42,Capsicum Yellow,N/A,N/A,$2.10,$13.10 per kg,https://foodlandbalaklava.com.au//lines/capsicum-yellow
Foodland Balaklava,2025-05-04 23:55:43,Card 80th Female Trad $​5.​99,N/A,N/A,$5.99,N/A,https://foodlandbalaklava.com.au//lines/card-80th-female-trad-5-99
Foodland Balaklava,2025-05-04 23:55:43,Card Ty Fem Flowers $​4.​99,N/A,N/A,$4.99,N/A,https://foodlandbalaklava.com.au//lines/card-ty-fem-flowers-4-99
Foodland Balaklava,2025-05-04 23:55:43,Carefree Barely There Scented Shower Fresh Liners 42 Pack,N/A,was $5.80,$5.10,$0.12 Each,https://foodlandbalaklava.com.au//lines/carefree-p-lnr-b-ther-scnt-42s
Foodland Balaklava,2025-05-04 23:55:43,Carman's Muesli Bars Original Fruit Free,270g,N/A,$7.90,$2.93 per 100g,https://foodlandbalaklava.com.au//lines/carmans-mues-b-original-270gm
Foodland Balaklava,2025-05-04 23:55:43,"Carman's Roasted Nut Bar Almond, Hazelnut & Vanilla",175g,N/A,$7.90,$4.51 per 100g,https://foodlandbalaklava.com.au//lines/carmans-n-bar-alm-hnut-va-175g
Foodland Balaklava,2025-05-04 23:55:43,"Carman's Roasted Nut Bars Almond, Cashew & Cranberry",175g,N/A,$7.90,$4.51 per 100g,https://foodlandbalaklava.com.au//lines/carmans-n-bar-alm-cas-bry-175g
Foodland Balaklava,2025-05-04 23:55:43,"Carman's Roasted Nut Bars Dark Choc, Coconut & Macadamia",160g,N/A,$7.90,$4.94 per 100g,https://foodlandbalaklava.com.au//lines/carmans-n-bar-chc-mac-coc160gm
Foodland Balaklava,2025-05-04 23:55:43,Carrots Baby Sweet,500g,N/A,$2.15,$4.30 per kg,https://foodlandbalaklava.com.au//lines/carrots-baby-sweet-500gm
Foodland Balaklava,2025-05-04 23:55:43,Castello Creamy Blue Cheese,150g,N/A,$8.00,$53.33 per kg,https://foodlandbalaklava.com.au//lines/castello-chse-blue-150gm
Foodland Balaklava,2025-05-04 23:55:43,Castello Danish Blue Cheese,100g,N/A,$5.00,$5.00 per 100g,https://foodlandbalaklava.com.au//lines/castello-danish-blue-100g
Foodland Balaklava,2025-05-04 23:55:43,Catsan™ Natural Clumping Clay Premium Cat Litter Bag,7kg,was $21.00,$18.50,$2.64 per kg,https://foodlandbalaklava.com.au//lines/catsan-cat-litter-ultra-7kg
Foodland Balaklava,2025-05-04 23:55:43,Cavendish Mxd Frt Drops,200g,N/A,$4.50,$2.25 per 100g,https://foodlandbalaklava.com.au//lines/cavendish-mxd-frt-drops-200g
Foodland Balaklava,2025-05-04 23:55:43,Cavendish Trop/​Frt Drops,200g,N/A,$4.50,$2.25 per 100g,https://foodlandbalaklava.com.au//lines/cavendish-trop-frt-drops-200g
Foodland Balaklava,2025-05-04 23:55:43,Ccs Original,175g,was $5.25,$4.55,$2.60 per 100g,https://foodlandbalaklava.com.au//lines/cc-s-c-chips-original-175gm
Foodland Balaklava,2025-05-04 23:55:43,Cenovis Turmeric 3100 80 Capsules,N/A,N/A,$21.50,$26.88 Units100,https://foodlandbalaklava.com.au//lines/cenovis-tumeric-3100mg-80s
Foodland Balaklava,2025-05-04 23:55:43,"Cetaphil Moisturising Lotion , Daily Face & Body",500mL,N/A,$25.20,$5.04 per 100mL,https://foodlandbalaklava.com.au//lines/cetaphil-moist-ltn-gntl-500ml
Foodland Balaklava,2025-05-04 23:55:43,Changs Fish Sauce,150mL,N/A,$3.00,$2.00 per 100mL,https://foodlandbalaklava.com.au//lines/changs-fish-sauce-150ml
Foodland Balaklava,2025-05-04 23:55:43,Changs Oriental Fried Noodle Salad Dressing,280mL,N/A,$3.15,$1.12 per 100mL,https://foodlandbalaklava.com.au//lines/chang-salad-drs-oriental-280ml
Foodland Balaklava,2025-05-04 23:55:43,Changs Soy Sce Org Lght #​500ml,N/A,N/A,$3.55,$0.71 per 100mL,https://foodlandbalaklava.com.au//lines/changs-soy-sce-org-lght-500ml
Foodland Balaklava,2025-05-04 23:55:43,Changs Super Lo-Cal Noodle,390g,N/A,$3.59,$0.92 per 100g,https://foodlandbalaklava.com.au//lines/changs-super-lo-cal-noodle-390g
Foodland Balaklava,2025-05-04 23:55:43,Cheer Cheese Shredded,750g,was $20.15,$14.35,$19.13 per kg,https://foodlandbalaklava.com.au//lines/cheer-chse-tasty-shred-750gm
Foodland Balaklava,2025-05-04 23:55:43,Cheer Chse Tsty Slc,500g,N/A,$11.00,$22.00 per kg,https://foodlandbalaklava.com.au//lines/cheer-chse-tasty-slcd-500gm
Foodland Balaklava,2025-05-04 23:55:43,Cheese & Bacon Plait,410g,N/A,$5.65,$1.38 per 100g,https://foodlandbalaklava.com.au//lines/cheese-bacon-log-410gm-1
Foodland Balaklava,2025-05-04 23:55:43,Cheetos Puffs Cheese Snacks Party Bag Cheese,165g,N/A,$4.00,$2.42 per 100g,https://foodlandbalaklava.com.au//lines/cheetos-puffs-165gm
Foodland Balaklava,2025-05-04 23:55:43,Cheezels Chicken Box,125g,was $3.70,$2.85,$2.28 per 100g,https://foodlandbalaklava.com.au//lines/cheezels-chicken-box-125g
Foodland Balaklava,2025-05-04 23:55:43,Chefs Choice Organic Pomegranate Juice,750mL,N/A,$8.59,$11.45 per L,https://foodlandbalaklava.com.au//lines/cc-pomegranate-organic-750ml
Foodland Balaklava,2025-05-04 23:55:43,Chef’​S Garden Crushed Garlic,375g,was $4.19,$4.00,$1.07 per 100g,https://foodlandbalaklava.com.au//lines/cg-crushed-garlic-375g
Foodland Balaklava,2025-05-04 23:55:43,Chicken Leg Ham Chs Asp,300g,N/A,$7.00,N/A,https://foodlandbalaklava.com.au//lines/chicken-leg-ham-chs-asp-300g-1
Foodland Balaklava,2025-05-04 23:55:43,Chicken Leg Ham/​Sp/​Mushroom,300g,N/A,$7.00,N/A,https://foodlandbalaklava.com.au//lines/chicken-leg-ham-sp-mushroom-300g-1
Foodland Balaklava,2025-05-04 23:55:43,Chilli Mixed,80g,N/A,$7.80,$97.50 per kg,https://foodlandbalaklava.com.au//lines/chilli-mixed-80gm
Foodland Balaklava,2025-05-04 23:55:43,Chobani Fit High Protein Greek Yogurt Salted Caramel,160g,N/A,$2.80,$1.75 per 100g,https://foodlandbalaklava.com.au//lines/ch-fit-sltd-caramel-tub-160gm
Foodland Balaklava,2025-05-04 23:55:43,Chobani Fit High Protein Greek Yogurt Strawberry,160g,N/A,$2.80,$1.75 per 100g,https://foodlandbalaklava.com.au//lines/ch-fit-strawberry-tub-160gm
Foodland Balaklava,2025-05-04 23:55:43,Chobani Flip Greek Yogurt Cookies & Cream Crunch,140g,N/A,$3.70,$2.64 per 100g,https://foodlandbalaklava.com.au//lines/chobani-flip-ckie-crm-crch-140gm
Foodland Balaklava,2025-05-04 23:55:43,Chobani Greek Yogurt Tropical,160g,N/A,$2.70,$1.69 per 100g,https://foodlandbalaklava.com.au//lines/ch-yogurt-tropical-160g
Foodland Balaklava,2025-05-04 23:55:43,Chobani Vanilla Greek Yogurt,907g,N/A,$7.90,$0.87 per 100g,https://foodlandbalaklava.com.au//lines/ch-yogurt-vanilla-907gm
Foodland Balaklava,2025-05-04 23:55:43,Chorizo,N/A,N/A,$30.00,N/A,https://foodlandbalaklava.com.au//lines/chorizo
Foodland Balaklava,2025-05-04 23:55:43,Chupa Chups Mentos Mix Of Minis 35u Bag,N/A,was $5.80,$5.00,$1.72 per 100g,https://foodlandbalaklava.com.au//lines/chupa-chups-mini-mix-bag-290gm
Foodland Balaklava,2025-05-04 23:55:43,Chupa Chups Mixed Minis Ice Cream,N/A,N/A,$9.45,$2.36 per 100mL,https://foodlandbalaklava.com.au//lines/chupa-chups-i-crm-mini-stk10pk
Foodland Balaklava,2025-05-04 23:55:43,Chupa Chups The Best Of Lollipops Share Bag 25 Piece,300g,was $6.55,$5.50,$1.83 per 100g,https://foodlandbalaklava.com.au//lines/chupa-chups-best-of-bag-25pk
Foodland Balaklava,2025-05-04 23:55:43,Chux Giant Stainless Steel Scourer,N/A,N/A,$2.30,N/A,https://foodlandbalaklava.com.au//lines/chux-scourer-s-less-stl-gnt1s
Foodland Balaklava,2025-05-04 23:55:43,Chux® Heavy Duty Scourer Pads 3 Pack 3pk,N/A,was $3.45,$2.65,$0.88 Each,https://foodlandbalaklava.com.au//lines/chux-scourer-pad-h-duty-3s
Foodland Balaklava,2025-05-04 23:55:43,Chux® Non-Scratch Dishwand Refills 3 Pack,N/A,was $6.30,$5.40,$1.80 Each,https://foodlandbalaklava.com.au//lines/chux-dishwand-n-scratch-rf-3pk
Foodland Balaklava,2025-05-04 23:55:43,Chux® Original Extra Large Superwipes® 10 Pack,N/A,was $8.40,$6.50,$0.65 Each,https://foodlandbalaklava.com.au//lines/chux-super-wipes-giant-10s
Foodland Balaklava,2025-05-04 23:55:43,Chux® Original Extra Large Superwipes® 5 Pack 5pk,N/A,N/A,$4.75,$0.95 Each,https://foodlandbalaklava.com.au//lines/chux-super-wipes-giant-5s
Foodland Balaklava,2025-05-04 23:55:43,Clairol Nice 'N Easy 8a Natural Medium Ash Blonde Permanent Hair Colour,173g,was $16.80,$11.00,N/A,https://foodlandbalaklava.com.au//lines/clairol-n-easy-med-ash-bld-1s
Foodland Balaklava,2025-05-04 23:55:43,Clearwipe Lens Cleaner 20 Wipes,N/A,N/A,$5.05,$0.25 Each,https://foodlandbalaklava.com.au//lines/clearwipe-lens-cleaner-24pk-1
Foodland Balaklava,2025-05-04 23:55:43,Clr Calcium Limescale & Rust Remover,750mL,was $15.99,$14.95,$1.99 per 100mL,https://foodlandbalaklava.com.au//lines/clr-calc-lme-rust-rem-750ml
Foodland Balaklava,2025-05-04 23:55:43,Cobram Estate Extra Virgin Olive Oil Classic,750mL,N/A,$25.00,$3.33 per 100mL,https://foodlandbalaklava.com.au//lines/cobram-olv-oil-classic-750m
Foodland Balaklava,2025-05-04 23:55:44,Cobram Estate Extra Virgin Olive Oil With Chilli Oil,250mL,N/A,$9.90,$3.96 per 100mL,https://foodlandbalaklava.com.au//lines/cobram-olv-oil-chilli-250ml
Foodland Balaklava,2025-05-04 23:55:44,Coca Cola No Sugar,10 x 375mL,was $21.00,$12.00,$3.20 per L,https://foodlandbalaklava.com.au//lines/coca-cola-n-sug-can-10x375ml
Foodland Balaklava,2025-05-04 23:55:44,Cocobella Coconut Water Watermelon,1L,N/A,$5.30,$5.30 per L,https://foodlandbalaklava.com.au//lines/cocobella-coconut-water-watermelon-1l
Foodland Balaklava,2025-05-04 23:55:44,Cocobella Coconut Yoghurt Natural,500g,N/A,$5.99,$1.20 per 100g,https://foodlandbalaklava.com.au//lines/cocobella-d-f-coconut-yog-natural-500g
Foodland Balaklava,2025-05-04 23:55:44,Cocobella Mango Ygt,110g,N/A,$2.20,$2.00 per 100g,https://foodlandbalaklava.com.au//lines/cocobella-mango-ygt-110g
Foodland Balaklava,2025-05-04 23:55:44,Cocobella Strawberry Coconut Yoghurt Pouch,110g,N/A,$2.20,$2.00 per 100g,https://foodlandbalaklava.com.au//lines/cocobella-strawberry-ygt-110g
Foodland Balaklava,2025-05-04 23:55:44,"Cold Power Advanced Clean Lemon, Liquid Laundry Detergent,",2L,was $25.20,$21.70,$10.85 per L,https://foodlandbalaklava.com.au//lines/cold-pwr-l-liq-adv-cln-lmn-2l
Foodland Balaklava,2025-05-04 23:55:44,Cold Power Laundry Detergent Liquid Odour Fighter,2L,was $25.20,$21.70,$10.85 per L,https://foodlandbalaklava.com.au//lines/cold-pwr-l-liq-odour-fightr-2l
Foodland Balaklava,2025-05-04 23:55:44,Cold Power Sensitive Liquid Laundry Detergent,4L,N/A,$37.80,$9.45 per L,https://foodlandbalaklava.com.au//lines/cold-pwr-l-liq-sens-4l
Foodland Balaklava,2025-05-04 23:55:44,"Cold Power Sensitive Pure Clean, Washing Liquid Laundry Detergent,",2L,was $25.20,$21.70,$10.85 per L,https://foodlandbalaklava.com.au//lines/cold-pwr-l-liq-sens-pur-cln-2l
Foodland Balaklava,2025-05-04 23:55:44,Cold Power Triple Caps,N/A,was $38.85,$26.00,$0.58 Each,https://foodlandbalaklava.com.au//lines/cold-pwr-caps-trpl-odour-45s
Foodland Balaklava,2025-05-04 23:55:44,Colgate 2 In 1 Toothpaste & Mouthwash Whitening Liquid Gel,130g,N/A,$6.85,$5.27 per 100g,https://foodlandbalaklava.com.au//lines/colg-gel-2in1-whte-tar-130gm
Foodland Balaklava,2025-05-04 23:55:44,"Colgate Advanced Whitening Tartar Control Toothpaste, , With Micro-Cleansing Crystals",115g,N/A,$6.85,$5.96 per 100g,https://foodlandbalaklava.com.au//lines/colg-t-paste-white-tartar115gm
Foodland Balaklava,2025-05-04 23:55:44,Colgate Fluoride Toothpaste Triple Action With Extra Micro Cleaning Minerals Original Mint,80g,was $2.50,$2.00,$2.50 per 100g,https://foodlandbalaklava.com.au//lines/colg-t-paste-trple-action-80gm
Foodland Balaklava,2025-05-04 23:55:44,"Colgate Kids Junior Bluey Manual Toothbrush, 1 Pack, Extra Soft Bristles, For Children 2-5 Years 1pk",N/A,was $4.20,$3.50,N/A,https://foodlandbalaklava.com.au//lines/colg-t-brsh-junior-sft2-5y-sgl
Foodland Balaklava,2025-05-04 23:55:44,"Colgate Max Fresh Toothpaste, , With Mini Breath Strips, Cool Mint",115g,N/A,$6.85,$5.96 per 100g,https://foodlandbalaklava.com.au//lines/colg-t-paste-max-coolmint115gm
Foodland Balaklava,2025-05-04 23:55:44,"Colgate Maximum Cavity Protection Toothpaste, , Cool Mint Flavour, For Calcium Boost",175g,was $4.30,$3.40,$1.94 per 100g,https://foodlandbalaklava.com.au//lines/colg-f-gard-cool-mint-175gm
Foodland Balaklava,2025-05-04 23:55:44,"Colgate Optic White Pro Series Stain Prevention Teeth Whitening Toothpaste, , Enamel Safe, With 5% Hydrogen Peroxide",80g,was $21.00,$16.00,$20.00 per 100g,https://foodlandbalaklava.com.au//lines/colg-t-paste-optic-wht-pro80gm
Foodland Balaklava,2025-05-04 23:55:44,"Colgate Sensitive Advanced Clean Toothpaste, , For Sensitive Teeth Pain Relief",110g,was $9.45,$6.30,$5.73 per 100g,https://foodlandbalaklava.com.au//lines/colg-t-paste-sens-advnc-110gm
Foodland Balaklava,2025-05-04 23:55:44,"Colgate Slim Soft Advanced Manual Toothbrush, Value 2 Pack, Ultra Soft Bristles 2pk",N/A,was $10.50,$9.50,$4.75 Each,https://foodlandbalaklava.com.au//lines/colg-t-brsh-slim-soft-adv-2pk
Foodland Balaklava,2025-05-04 23:55:44,Colgate Total Active Prevention Original Toothpaste,200g,was $7.90,$6.50,$3.25 per 100g,https://foodlandbalaklava.com.au//lines/colg-t-paste-total-200gm
Foodland Balaklava,2025-05-04 23:55:44,Colgate Total Active Prevention Toothpaste Active Fresh,115g,was $7.35,$6.30,$5.48 per 100g,https://foodlandbalaklava.com.au//lines/colg-t-paste-totl-adv-frsh115g
Foodland Balaklava,2025-05-04 23:55:44,Colgate Total Active Prevention Toothpaste Deep Clean,200g,N/A,$11.55,$5.78 per 100g,https://foodlandbalaklava.com.au//lines/colg-t-paste-total-advnc-200gm
Foodland Balaklava,2025-05-04 23:55:44,"Colgate Total Original Antibacterial Toothpaste, , Travel Size, Whole Mouth Health, Multi Benefit",40g,N/A,$2.85,$7.12 per 100g,https://foodlandbalaklava.com.au//lines/colg-t-paste-total-40gm
Foodland Balaklava,2025-05-04 23:55:44,"Colgate Zig Zag Manual Toothbrush, Value 3 Pack, Medium Bristles, Antibacterial Bristles",N/A,was $8.20,$7.00,$2.33 Each,https://foodlandbalaklava.com.au//lines/colg-t-brsh-z-zag-adlt-med-3pk
Foodland Balaklava,2025-05-04 23:55:44,"Colgate Zig Zag Manual Toothbrush, Value 6 Pack, Soft Bristles, Antibacterial Bristles",N/A,was $12.60,$10.00,$1.67 Each,https://foodlandbalaklava.com.au//lines/colg-t-brsh-adlt-zigzag-sft6pk
Foodland Balaklava,2025-05-04 23:55:44,"Combat Ant Rid Bait, Ant Bait Destroys The Nest, Insecticide, ,",4 x 6g,was $9.45,$7.00,$1.75 Each,https://foodlandbalaklava.com.au//lines/antrid-ant-baits-4pack
Foodland Balaklava,2025-05-04 23:55:44,Combat Ant-Rid Ant Killing Gel Bait 4 Pack,N/A,N/A,$14.70,$3.68 Each,https://foodlandbalaklava.com.au//lines/combat-antrid-gel-baits-4x5gm
Foodland Balaklava,2025-05-04 23:55:44,Comm Co Beetroot Diced,420g,N/A,$2.40,$5.71 per kg,https://foodlandbalaklava.com.au//lines/comm-co-beetroot-diced-420gm
Foodland Balaklava,2025-05-04 23:55:44,Comm Co Brownie Gluten Free,180g,N/A,$6.25,$3.47 per 100g,https://foodlandbalaklava.com.au//lines/comm-co-brwnie-trp-chc-gf180gm
Foodland Balaklava,2025-05-04 23:55:44,Comm Co C/​Pk Spring Water,10L,N/A,$5.50,$0.55 per L,https://foodlandbalaklava.com.au//lines/crystal-pk-sp-wtr-10l-1
Foodland Balaklava,2025-05-04 23:55:44,Comm Co Chse Mozz Shrd,250g,N/A,$6.00,$24.00 per kg,https://foodlandbalaklava.com.au//lines/comm-co-chse-mozz-shrd-250gm
Foodland Balaklava,2025-05-04 23:55:44,Comm Co Fruit Cake Dark,700g,N/A,$6.45,$0.92 per 100g,https://foodlandbalaklava.com.au//lines/comm-co-fruit-cake-dark-700gm
Foodland Balaklava,2025-05-04 23:55:44,Comm Co Mustard Whlgrain,190g,N/A,$2.85,$1.50 per 100g,https://foodlandbalaklava.com.au//lines/comm-co-mustard-whlgrain-190gm
Foodland Balaklava,2025-05-04 23:55:44,Comm Co Prawn Meat Raw,500g,N/A,$17.33,$34.66 per kg,https://foodlandbalaklava.com.au//lines/comm-co-prawn-meat-raw-500gm
Foodland Balaklava,2025-05-04 23:55:44,Comm Co Salmon Smk,90g,N/A,$7.00,$77.78 per kg,https://foodlandbalaklava.com.au//lines/comm-co-salmon-smk-90gm
Foodland Balaklava,2025-05-04 23:55:44,Command Mounting Hook Medium - White 1 Pack,N/A,N/A,$6.85,N/A,https://foodlandbalaklava.com.au//lines/command-mounting-hook-medium-white-1-pack
Foodland Balaklava,2025-05-04 23:55:44,Community Co 4 Seed & Grain Sourdough Loaf,N/A,N/A,$7.00,$1.40 per 100g,https://foodlandbalaklava.com.au//lines/seeds-grain-sourdough-loaf-500gm
Foodland Balaklava,2025-05-04 23:55:44,Community Co Aussie Black Chia Seeds,350g,N/A,$6.80,$1.94 per 100g,https://foodlandbalaklava.com.au//lines/comm-co-chia-seed-black-350gm
Foodland Balaklava,2025-05-04 23:55:44,Community Co Baby Spinach & Rocket,100g,N/A,$2.70,$27.00 per kg,https://foodlandbalaklava.com.au//lines/comm-co-bby-spnch-rckt-100g
Foodland Balaklava,2025-05-04 23:55:44,Community Co Beef Burger,500g,N/A,$9.50,$19.00 per kg,https://foodlandbalaklava.com.au//lines/comm-co-burger-beef-bbq-500gm
Foodland Balaklava,2025-05-04 23:55:44,Community Co Canola Oil,750mL,N/A,$3.80,$0.51 per 100mL,https://foodlandbalaklava.com.au//lines/comm-co-oil-canola-750ml
Foodland Balaklava,2025-05-04 23:55:44,Community Co Clean Freak Wood Cleaner & Furniture Polish,250g,N/A,$4.05,$1.62 per 100g,https://foodlandbalaklava.com.au//lines/comm-co-c-f-furn-polish-250gm
Foodland Balaklava,2025-05-04 23:55:44,Community Co Denture Tablets,N/A,N/A,$3.50,$0.07 Each,https://foodlandbalaklava.com.au//lines/comm-co-denture-tabs-48pk
Foodland Balaklava,2025-05-04 23:55:44,Community Co Extra Mature Tasty Cheese Block,250g,N/A,$6.00,$24.00 per kg,https://foodlandbalaklava.com.au//lines/comm-co-chse-blk-x-tsty-250gm
Foodland Balaklava,2025-05-04 23:55:44,Community Co Fast Knock Down Multi Insect Killer,300g,N/A,$3.50,$1.17 per 100g,https://foodlandbalaklava.com.au//lines/comm-co-insect-kill-swat-300gm
Foodland Balaklava,2025-05-04 23:55:44,Community Co Free Range Eggs Jumbo,800g,N/A,$7.50,$0.94 per 100g,https://foodlandbalaklava.com.au//lines/comm-co-eggs-jumb-f-r-12p800gm
Foodland Balaklava,2025-05-04 23:55:44,Community Co French Style Camembert Soft Cheese,125g,N/A,$3.95,$31.60 per kg,https://foodlandbalaklava.com.au//lines/comm-co-chse-camembert-125gm
Foodland Balaklava,2025-05-04 23:55:46,Community Co Fruit & Seed Muesli,750g,N/A,$4.80,$0.64 per 100g,https://foodlandbalaklava.com.au//lines/comm-co-mues-frt-seed-750gm
Foodland Balaklava,2025-05-04 23:55:46,Community Co Garden Salad Bowl,180g,was $5.90,$2.70,$15.00 per kg,https://foodlandbalaklava.com.au//lines/comm-co-garden-salad-bowl-180gm
Foodland Balaklava,2025-05-04 23:55:46,Community Co Garlic Aioli,250mL,N/A,$2.60,$1.04 per 100mL,https://foodlandbalaklava.com.au//lines/comm-co-grlc-aioli-250ml
Foodland Balaklava,2025-05-04 23:55:46,Community Co Garlic Bread 9 Slices,270g,N/A,$4.55,$1.69 per 100g,https://foodlandbalaklava.com.au//lines/comm-co-brd-garlic-9slc-270gm
Foodland Balaklava,2025-05-04 23:55:46,Community Co Garlic Sourdough Loaf,480g,N/A,$5.95,$1.24 per 100g,https://foodlandbalaklava.com.au//lines/comm-co-loaf-garlic-s-dh-480gm
Foodland Balaklava,2025-05-04 23:55:46,Community Co Glaze With Balsamic Vinegar,250mL,N/A,$5.45,$2.18 per 100mL,https://foodlandbalaklava.com.au//lines/comm-co-balsamic-glaze-250ml
Foodland Balaklava,2025-05-04 23:55:46,Community Co Greek Yoghurt,500g,N/A,$3.50,$0.70 per 100g,https://foodlandbalaklava.com.au//lines/comm-co-ygt-greek-style-500gm
Foodland Balaklava,2025-05-04 23:55:46,Community Co Jalapenos,500g,N/A,$3.60,$0.72 per 100g,https://foodlandbalaklava.com.au//lines/comm-co-jalapenos-500gm
Foodland Balaklava,2025-05-04 23:55:46,Community Co Jasmie Rice,1kg,N/A,$3.50,$0.35 per 100g,https://foodlandbalaklava.com.au//lines/comm-co-rice-jas-thai-hom-1kg
Foodland Balaklava,2025-05-04 23:55:46,Community Co Lactose Free Low Fat Milk,1L,N/A,$2.55,$2.55 per L,https://foodlandbalaklava.com.au//lines/comm-co-milk-lact-fr-l-fat-1l
Foodland Balaklava,2025-05-04 23:55:46,Community Co Lsa,250g,N/A,$3.57,$1.43 per 100g,https://foodlandbalaklava.com.au//lines/comm-co-lsa-250gm
Foodland Balaklava,2025-05-04 23:55:46,Community Co Organic Passata,690g,N/A,$3.05,$0.44 per 100g,https://foodlandbalaklava.com.au//lines/comm-co-sce-org-passa-btl690gm
Foodland Balaklava,2025-05-04 23:55:46,Community Co Original Tortilla,365g,N/A,$3.55,$0.97 per 100g,https://foodlandbalaklava.com.au//lines/comm-co-tortillas-orig-8pk
Foodland Balaklava,2025-05-04 23:55:46,Community Co Paper Cups,10 x 450mL,N/A,$3.50,$35.00 Units100,https://foodlandbalaklava.com.au//lines/comm-co-paper-cups-450ml-10pk
Foodland Balaklava,2025-05-04 23:55:46,Community Co Passionfruit Pulp Syrup,170g,N/A,$1.55,$9.12 per kg,https://foodlandbalaklava.com.au//lines/comm-co-pfrt-pulp-syrup-170gm
Foodland Balaklava,2025-05-04 23:55:46,Community Co Popcorn Butter,100g,was $2.35,$1.80,$1.80 per 100g,https://foodlandbalaklava.com.au//lines/comm-co-popcorn-butter-100gm
Foodland Balaklava,2025-05-04 23:55:46,Community Co Port Wine Flavoured Jelly Crystals,85g,N/A,$1.30,$1.53 per 100g,https://foodlandbalaklava.com.au//lines/comm-co-jelly-nat-prt-wine85gm
Foodland Balaklava,2025-05-04 23:55:46,Community Co Rich Chocolate Topping,635mL,N/A,$3.60,$0.57 per 100g,https://foodlandbalaklava.com.au//lines/comm-co-topp-rich-choc-635gm
Foodland Balaklava,2025-05-04 23:55:46,Community Co Snack Plates,N/A,N/A,$4.20,$42.00 Units100,https://foodlandbalaklava.com.au//lines/comm-co-plates-snk-sugr-cn10pk
Foodland Balaklava,2025-05-04 23:55:46,Community Co Sugar Cane Bowls,N/A,N/A,$4.35,$43.50 Units100,https://foodlandbalaklava.com.au//lines/comm-co-bowls-sugar-cane-10pk
Foodland Balaklava,2025-05-04 23:55:46,Community Co Sunflower Oil,750mL,N/A,$3.80,$0.51 per 100mL,https://foodlandbalaklava.com.au//lines/comm-co-oil-sunflower-750ml
Foodland Balaklava,2025-05-04 23:55:46,Community Co Totally Bran,530g,N/A,$3.70,$0.70 per 100g,https://foodlandbalaklava.com.au//lines/comm-co-totally-bran-530gm
Foodland Balaklava,2025-05-04 23:55:46,Community Co Turkish Rolls 4pk,N/A,N/A,$3.70,$0.92 per 100g,https://foodlandbalaklava.com.au//lines/comm-co-trksh-roll-oval-4pk
Foodland Balaklava,2025-05-04 23:55:46,Community Co Whole Peeled Tomatoes,400g,N/A,$1.40,$3.50 per kg,https://foodlandbalaklava.com.au//lines/comm-co-tom-whle-peeled-400gm
Foodland Balaklava,2025-05-04 23:55:46,Community Co Wooden Knives,N/A,N/A,$1.80,$15.00 Units100,https://foodlandbalaklava.com.au//lines/comm-co-knife-wooden-12pk
Foodland Balaklava,2025-05-04 23:55:46,Community Co. Almond Meal,400g,N/A,$10.80,$27.00 per kg,https://foodlandbalaklava.com.au//lines/comm-co-almond-meal-400gm-1
Foodland Balaklava,2025-05-04 23:55:46,Community Co. Almonds,130g,N/A,$3.75,$28.85 per kg,https://foodlandbalaklava.com.au//lines/comm-co-almond-kernels-130gm-1
Foodland Balaklava,2025-05-04 23:55:46,Community Co. Arborio Rice,1kg,N/A,$5.15,$0.52 per 100g,https://foodlandbalaklava.com.au//lines/comm-co-rice-arborio-1kg
Foodland Balaklava,2025-05-04 23:55:46,Community Co. Crumbed Chicken Kiev,350g,was $10.00,$6.90,$19.71 per kg,https://foodlandbalaklava.com.au//lines/comm-co-chicken-kiev-frsh350gm
Foodland Balaklava,2025-05-04 23:55:46,Community Co. Currants,300g,N/A,$5.15,$17.17 per kg,https://foodlandbalaklava.com.au//lines/comm-co-currants-300gm-1
Foodland Balaklava,2025-05-04 23:55:46,Community Co. Denture Brush 1pk,N/A,N/A,$2.25,N/A,https://foodlandbalaklava.com.au//lines/comm-co-denture-brush-1pk
Foodland Balaklava,2025-05-04 23:55:46,Community Co. Extra Tasty Cheese Block,500g,N/A,$8.50,$17.00 per kg,https://foodlandbalaklava.com.au//lines/comm-co-chse-blk-x-tsty-500gm
Foodland Balaklava,2025-05-04 23:55:46,Community Co. Flaked Almonds,120g,N/A,$4.10,$34.17 per kg,https://foodlandbalaklava.com.au//lines/comm-co-almond-flaked-120gm-1
Foodland Balaklava,2025-05-04 23:55:46,Community Co. Walnuts,130g,N/A,$4.30,$33.08 per kg,https://foodlandbalaklava.com.au//lines/comm-co-walnut-130gm
Foodland Balaklava,2025-05-04 23:55:46,Connoisseur Honeycomb & Australian Honey Ice Cream,N/A,was $12.60,$11.10,$3.08 per 100mL,https://foodlandbalaklava.com.au//lines/con-seur-m-p-hnycmb-4s
Foodland Balaklava,2025-05-04 23:55:46,Connoisseur Ice Cream Strawberry,1L,N/A,$12.60,$1.26 per 100mL,https://foodlandbalaklava.com.au//lines/con-seur-i-crm-strawberry-1l
Foodland Balaklava,2025-05-04 23:55:46,Connoisseur Montana Mint With Cookies,1L,N/A,$12.60,$1.26 per 100mL,https://foodlandbalaklava.com.au//lines/con-seur-i-crm-montana-mint-1l
Foodland Balaklava,2025-05-04 23:55:46,Connoisseur Murray River Salted Caramel With Macadamia Mini 6pk,N/A,was $12.60,$11.10,$3.08 per 100mL,https://foodlandbalaklava.com.au//lines/con-seur-m-p-sltd-crml-mini-6s
Foodland Balaklava,2025-05-04 23:55:46,Conroys Fritz Rw,N/A,N/A,$18.00,N/A,https://foodlandbalaklava.com.au//lines/conroys-fritz-rw-1
Foodland Balaklava,2025-05-04 23:55:46,Continental Cheese Sauce,40g,N/A,$1.25,$0.31 per 10g,https://foodlandbalaklava.com.au//lines/cont-inst-sce-cheese-40gm
Foodland Balaklava,2025-05-04 23:55:46,Continental Classics Cup A Soup Asian Laksa With Noodles,65g,was $2.95,$1.40,$2.15 per 100g,https://foodlandbalaklava.com.au//lines/cupasoup-asian-laksa-2srv
Foodland Balaklava,2025-05-04 23:55:46,Continental Classics Cup A Soup Dutch Curry With Rice,55g,was $2.95,$1.40,$2.55 per 100g,https://foodlandbalaklava.com.au//lines/cupasoup-hrty-dutch-curry-2srv
Foodland Balaklava,2025-05-04 23:55:46,Continental Classics Cup A Soup Roast Chicken,75g,was $2.95,$1.40,$1.87 per 100g,https://foodlandbalaklava.com.au//lines/cupasoup-hrty-rst-chicken-2srv
Foodland Balaklava,2025-05-04 23:55:46,Continental Classics Fried Rice Oriental Side Dish,115g,was $3.35,$3.00,$2.61 per 100g,https://foodlandbalaklava.com.au//lines/cont-rice-fried-115gm
Foodland Balaklava,2025-05-04 23:55:46,Continental Classics Pasta & Sauce Macaroni Cheese Serves 2,105g,was $3.15,$2.75,$2.62 per 100g,https://foodlandbalaklava.com.au//lines/cont-pasta-sce-mac-cheese-105g
Foodland Balaklava,2025-05-04 23:55:46,Continental Classics Pasta & Sauce Sour Cream & Chives,85g,was $3.15,$2.75,$3.24 per 100g,https://foodlandbalaklava.com.au//lines/cont-pasta-sce-sc-crm-chv-85gm
Foodland Balaklava,2025-05-04 23:55:46,Continental Cup A Soup Hearty Pea & Ham,52g,was $2.95,$1.40,$2.69 per 100g,https://foodlandbalaklava.com.au//lines/cupasoup-pea-ham-2srv
Foodland Balaklava,2025-05-04 23:55:46,Continental Instant Mashed Instant Mashed Potato,350g,N/A,$6.95,$19.86 per kg,https://foodlandbalaklava.com.au//lines/deb-potato-inst-mashed-350gm
Foodland Balaklava,2025-05-04 23:55:47,Continental Recipe Base Curried Sausages,35g,was $1.90,$1.80,$0.51 per 10g,https://foodlandbalaklava.com.au//lines/cont-r-mix-sausage-curried35gm
Foodland Balaklava,2025-05-04 23:55:47,Continental Sauce White,35g,N/A,$1.25,$0.36 per 10g,https://foodlandbalaklava.com.au//lines/cont-inst-sce-white-35gm
Foodland Balaklava,2025-05-04 23:55:47,Continental Simmer Soup Cream Of Chicken,45g,N/A,$1.80,$4.00 per 100mL,https://foodlandbalaklava.com.au//lines/cont-soup-crm-chicken-45gm
Foodland Balaklava,2025-05-04 23:55:47,"Continental Soup Sensations Sweet Potato, Pumpkin & Caramelised Onion With Roasted Garlic Croutons",63g,N/A,$3.70,$5.87 per 100g,https://foodlandbalaklava.com.au//lines/cont-soup-sens-s-pt-pmp-on63gm
Foodland Balaklava,2025-05-04 23:55:47,Continental Superb Stock Cooking Beef Real Beef Base,125g,was $4.20,$3.10,$0.25 per 10g,https://foodlandbalaklava.com.au//lines/cont-stock-pwdr-beef-125gm
Foodland Balaklava,2025-05-04 23:55:47,Cornwell's Apple Cider Vinegar,750mL,N/A,$4.75,$0.63 per 100mL,https://foodlandbalaklava.com.au//lines/c-well-vinegar-aple-cider750ml
Foodland Balaklava,2025-05-04 23:55:47,Cornwell's White Vinegar,750mL,was $3.70,$2.60,$0.35 per 100mL,https://foodlandbalaklava.com.au//lines/c-well-vinegar-white-750ml
Foodland Balaklava,2025-05-04 23:55:47,Cottee's® Breakfast Marmalade,375g,N/A,$3.50,$0.93 per 100g,https://foodlandbalaklava.com.au//lines/cott-marm-breakfast-375gm
Foodland Balaklava,2025-05-04 23:55:47,Cottee's® Ice Magic® Choc Mint,220g,N/A,$5.80,$2.64 per 100g,https://foodlandbalaklava.com.au//lines/cott-ice-magic-choc-mint-220gm
Foodland Balaklava,2025-05-04 23:55:47,Cottee's® Thick 'N' Rich Chocolate Flavoured Topping,615g,N/A,$4.75,$0.77 per 100g,https://foodlandbalaklava.com.au//lines/cott-topp-sqz-chocolate-615gm
Foodland Balaklava,2025-05-04 23:55:47,Cottees Fruit Cup Cordial With 40% Fruit Juice Bottle,1L,was $5.90,$2.95,$2.95 per L,https://foodlandbalaklava.com.au//lines/cott-cord-fruit-cup-1l
Foodland Balaklava,2025-05-04 23:55:47,Cottees Lemon Cordial Lemon Crush With 40% Fruit Juice Bottle,1L,was $5.90,$2.95,$2.95 per L,https://foodlandbalaklava.com.au//lines/cott-cord-lemon-1l
Foodland Balaklava,2025-05-04 23:55:47,Cottons Napkins Ultra Thin Wings Supers 12pk,N/A,was $6.10,$5.15,$0.43 Each,https://foodlandbalaklava.com.au//lines/cottons-pad-u-thn-sup-wing-12s
Foodland Balaklava,2025-05-04 23:55:47,Country Delight Cake Sticky Date,500g,N/A,$8.55,$1.71 per 100g,https://foodlandbalaklava.com.au//lines/c-delight-cke-stcky-date-500gm
Foodland Balaklava,2025-05-04 23:55:47,Country Fresh Large Caged Eggs,N/A,N/A,$2.80,$0.93 per 100g,https://foodlandbalaklava.com.au//lines/c-fresh-egg-caged-6pk-300gm
Foodland Balaklava,2025-05-04 23:55:47,Country Fresh Whole Baby Corn Spears,425g,N/A,$2.95,$0.69 per 100g,https://foodlandbalaklava.com.au//lines/c-fresh-corn-cuts-425gm
Foodland Balaklava,2025-05-04 23:55:47,Country Life Golden Lemon 5 Pack,N/A,was $4.75,$3.65,$0.81 per 100g,https://foodlandbalaklava.com.au//lines/c-life-soap-gldn-lem-5pk
Foodland Balaklava,2025-05-04 23:55:47,Coyo Coconut Milk Yoghurt Mixed Berry,500g,N/A,$8.90,$17.80 per kg,https://foodlandbalaklava.com.au//lines/coyo-ygt-c-mlk-mix-berry-500gm
Foodland Balaklava,2025-05-04 23:55:47,Coyo Organic Greek Yoghurt,500g,N/A,$8.90,$17.80 per kg,https://foodlandbalaklava.com.au//lines/coyo-organic-greek-yoghurt-500g
Foodland Balaklava,2025-05-04 23:55:47,Coyo Sour Cream,200g,N/A,$3.90,$1.95 per 100mL,https://foodlandbalaklava.com.au//lines/coyo-sour-cream-dairy-free-200g
Foodland Balaklava,2025-05-04 23:55:47,Cracker Barrel Cheese Extra Sharp Sliced,250g,was $9.65,$7.50,$30.00 per kg,https://foodlandbalaklava.com.au//lines/cr-barrel-chse-x-shrp-slc250gm
Foodland Balaklava,2025-05-04 23:55:47,Creative Gourmet Frozen Blueberries,900g,N/A,$10.50,$11.67 per kg,https://foodlandbalaklava.com.au//lines/creat-gourm-blueberries-900g
Foodland Balaklava,2025-05-04 23:55:47,Creative Gourmet Mix Berries,300g,was $5.95,$5.50,$18.33 per kg,https://foodlandbalaklava.com.au//lines/creat-gourm-mix-berries-300gm
Foodland Balaklava,2025-05-04 23:55:47,Creative Gourmet Raspberries,300g,N/A,$8.20,$27.33 per kg,https://foodlandbalaklava.com.au//lines/creat-gourm-raspberries-300gm-1
Foodland Balaklava,2025-05-04 23:55:47,Crisco Vegetable Oil,2L,N/A,$12.00,$0.60 per 100mL,https://foodlandbalaklava.com.au//lines/crisco-oil-vegetable-2l
Foodland Balaklava,2025-05-04 23:55:47,Crispy Fruits Mango,10g,N/A,$2.10,$2.10 per 10g,https://foodlandbalaklava.com.au//lines/h-attack-crisp-frt-mango-g-f-10g
Foodland Balaklava,2025-05-04 23:55:47,Csr Brown Sugar,500g,N/A,$2.95,$0.59 per 100g,https://foodlandbalaklava.com.au//lines/csr-brown-sugar-500gm-1
Foodland Balaklava,2025-05-04 23:55:47,Csr Organic & Unrefined Coconut Sugar,250g,N/A,$4.75,$1.90 per 100g,https://foodlandbalaklava.com.au//lines/csr-coconut-sugar-250gm
Foodland Balaklava,2025-05-04 23:55:47,Csr Raw Sugar,2kg,N/A,$5.00,$0.25 per 100g,https://foodlandbalaklava.com.au//lines/csr-raw-sugar-2kg
Foodland Balaklava,2025-05-04 23:55:47,Csr Squeeze Golden Syrup,500g,was $5.35,$4.00,$0.80 per 100g,https://foodlandbalaklava.com.au//lines/csr-golden-syrup-squeeze-500gm
Foodland Balaklava,2025-05-04 23:55:47,Curash Baby Rash Powder With Cornstarch,100g,was $8.40,$7.40,$7.40 per 100g,https://foodlandbalaklava.com.au//lines/curash-baby-pwdr-crn-st-100gm
Foodland Balaklava,2025-05-04 23:55:47,Curash Family Medicated Rash Powder,100g,was $8.40,$7.40,$7.40 per 100g,https://foodlandbalaklava.com.au//lines/curash-med-fam-pwdr-rash-100gm
Foodland Balaklava,2025-05-04 23:55:47,Curash Fragrance Free Baby Wipes 3 X 80 Pack,N/A,N/A,$14.00,$5.83 Units100,https://foodlandbalaklava.com.au//lines/curash-wipes-frag-free-3x80s
Foodland Balaklava,2025-05-04 23:55:47,Curash Gentle Head To Toe Wash,400mL,was $9.45,$7.50,$1.88 per 100mL,https://foodlandbalaklava.com.au//lines/curash-wsh-head2toe-gentl400ml
Foodland Balaklava,2025-05-04 23:55:47,Curash Vitamin E Baby Wipes 80 Pack,N/A,was $5.80,$4.40,$5.50 Units100,https://foodlandbalaklava.com.au//lines/curash-baby-wipes-soap-fr-80s
Foodland Balaklava,2025-05-04 23:55:47,Curry Butter Chicken Per Kg,N/A,N/A,$28.50,N/A,https://foodlandbalaklava.com.au//lines/curry-butter-chicken-per-kg
Foodland Balaklava,2025-05-04 23:55:47,Curry Mango Chicken Per Kg,N/A,N/A,$28.50,N/A,https://foodlandbalaklava.com.au//lines/curry-mango-chicken-per-kg
Foodland Balaklava,2025-05-04 23:55:47,Cussons Imperial Leather Luxurious Bar Soap Original,4 x 100g,N/A,$5.80,$1.45 per 100g,https://foodlandbalaklava.com.au//lines/i-leathr-t-soap-orig-4x100gm
Foodland Balaklava,2025-05-04 23:55:47,Cussons Original Source Shower Gel Mint,250mL,N/A,$5.25,$2.10 per 100mL,https://foodlandbalaklava.com.au//lines/org-srce-shw-gel-mnt-t-tr250ml
Foodland Balaklava,2025-05-04 23:55:47,D.​T. Brown Australian Native Flower Mix Seed,N/A,N/A,$3.60,N/A,https://foodlandbalaklava.com.au//lines/packet-seed-aust-native-flower-mix
Foodland Balaklava,2025-05-04 23:55:47,D/​Dale Milk F/​Crm Uht,6 x 200mL,N/A,$6.30,$5.25 per L,https://foodlandbalaklava.com.au//lines/d-dale-milk-f-crm-uht-6x200ml
Foodland Balaklava,2025-05-04 23:55:47,Dairy Farmers Sour Cream,250g,N/A,$3.70,$1.48 per 100g,https://foodlandbalaklava.com.au//lines/d-farm-cream-sour-reg-250gm
Foodland Balaklava,2025-05-04 23:55:47,Dairy Farmers Thick & Creamy Yoghurt Classic Vanilla,150g,was $2.75,$1.30,$0.87 per 100g,https://foodlandbalaklava.com.au//lines/d-farm-ygt-t-crmy-vanilla150gm
Foodland Balaklava,2025-05-04 23:55:47,Dairy Farmers Thick & Creamy Yoghurt Field Strawberry,150g,was $2.75,$1.30,$0.87 per 100g,https://foodlandbalaklava.com.au//lines/d-farm-ygt-t-crmy-st-bry-150gm
Foodland Balaklava,2025-05-04 23:55:47,Dairy Farmers Thick & Creamy Yoghurt Mango & Passionfruit,150g,was $2.75,$1.30,$0.87 per 100g,https://foodlandbalaklava.com.au//lines/d-farm-ygt-t-crmy-mng-p-f150gm
Foodland Balaklava,2025-05-04 23:55:47,Dairy Farmers Thickened Cream,300mL,N/A,$3.55,$1.18 per 100mL,https://foodlandbalaklava.com.au//lines/d-farm-crm-thck-300ml
Foodland Balaklava,2025-05-04 23:55:47,Dandy Middle Bacon,250g,N/A,$6.50,$26.00 per kg,https://foodlandbalaklava.com.au//lines/dandy-bacon-middle-250gm
Foodland Balaklava,2025-05-04 23:55:47,Danone Activia Probiotics No Added Sugar Vanilla Yoghurt,4 x 125g,was $6.05,$4.00,$0.80 per 100g,https://foodlandbalaklava.com.au//lines/danone-ygt-activia-van-4x125gm
Foodland Balaklava,2025-05-04 23:55:48,Dare Espresso,750mL,was $5.25,$5.00,$6.67 per L,https://foodlandbalaklava.com.au//lines/dare-i-coff-esp-750ml
Foodland Balaklava,2025-05-04 23:55:48,Dare Iced Coffee No Sugar Added Double Espresso,500mL,N/A,$4.15,$8.30 per L,https://foodlandbalaklava.com.au//lines/dare-i-coff-dbl-esp-nas-500ml
Foodland Balaklava,2025-05-04 23:55:48,Darrel Lea Dark Chocolate Bullets,204g,was $6.30,$5.70,$2.79 per 100g,https://foodlandbalaklava.com.au//lines/darrell-lea-bullet-d-choc204gm
Foodland Balaklava,2025-05-04 23:55:48,Darrel Lea White Chocolate Rocklea Road,160g,was $7.35,$6.55,$3.64 per 100g,https://foodlandbalaklava.com.au//lines/darrell-lea-r-lea-rd-wht-160g
Foodland Balaklava,2025-05-04 23:55:48,Darrell Lea Liquorice Twist Chocolate Raspberry,200g,was $6.30,$5.70,$2.85 per 100g,https://foodlandbalaklava.com.au//lines/darrell-lea-lic-twst-ch-rb200g
Foodland Balaklava,2025-05-04 23:55:48,Darrell Lea Liquorice Twists Dark Chocolate,200g,was $6.30,$5.70,$2.85 per 100g,https://foodlandbalaklava.com.au//lines/darrell-lea-c-stx-dark-200gm
Foodland Balaklava,2025-05-04 23:55:48,Darrell Lea Milk Chocolate Rocklea Road Block,180g,was $7.35,$6.55,$3.64 per 100g,https://foodlandbalaklava.com.au//lines/darrell-lea-r-lea-road-180gm
Foodland Balaklava,2025-05-04 23:55:48,Darrell Lea R/​Lea Rd Cara160gm,N/A,was $7.35,$6.55,$4.09 per 100g,https://foodlandbalaklava.com.au//lines/darrell-lea-r-lea-rd-cara160gm
Foodland Balaklava,2025-05-04 23:55:48,Darrell Lea Raspberry Liqourice Twists,280g,was $5.80,$5.00,$1.79 per 100g,https://foodlandbalaklava.com.au//lines/darrell-lea-lic-twst-rbry280gm
Foodland Balaklava,2025-05-04 23:55:48,Dbl Phoenix Chin Cook Wn#​640gm,N/A,N/A,$2.75,$0.43 per 100g,https://foodlandbalaklava.com.au//lines/dbl-phoenix-chin-cook-wn-640gm
Foodland Balaklava,2025-05-04 23:55:48,Decadent Delight Chocolate Pearl Cake Decorations,85g,was $3.49,$3.10,$3.65 per 100g,https://foodlandbalaklava.com.au//lines/decadent-delights-cake-dec85gm
Foodland Balaklava,2025-05-04 23:55:48,Decor Match Ups Container Oblong Clip,7L,N/A,$15.75,N/A,https://foodlandbalaklava.com.au//lines/decor-m-ups-cont-oblo-clip-7l
Foodland Balaklava,2025-05-04 23:55:48,Decor Microsafe Rd W/​Rack,1.5L,N/A,$8.95,N/A,https://foodlandbalaklava.com.au//lines/decor-m-safe-cont-round-1-5l
Foodland Balaklava,2025-05-04 23:55:48,Decor Microsafe Rice Cooker 2.​75,N/A,N/A,$13.15,N/A,https://foodlandbalaklava.com.au//lines/decor-m-safe-rice-cooker-2-75l
Foodland Balaklava,2025-05-04 23:55:48,Decor Microwave Safe Container Oblong Red,900mL,N/A,$6.83,N/A,https://foodlandbalaklava.com.au//lines/decor-m-safe-cont-obl-red900ml
Foodland Balaklava,2025-05-04 23:55:48,Decor Pop Top Bottle,1L,N/A,$8.40,N/A,https://foodlandbalaklava.com.au//lines/decor-bottle-sport-slider-1l
Foodland Balaklava,2025-05-04 23:55:48,Decor Tellfresh Oblong Container,900mL,N/A,$5.78,N/A,https://foodlandbalaklava.com.au//lines/decor-container-oblong-900ml
Foodland Balaklava,2025-05-04 23:55:48,Decor Tellfresh Pastry Storer,N/A,N/A,$12.08,N/A,https://foodlandbalaklava.com.au//lines/decor-pastry-storer
Foodland Balaklava,2025-05-04 23:55:48,Decor Tellfresh Superstorer 8.​5,N/A,N/A,$17.85,N/A,https://foodlandbalaklava.com.au//lines/decor-container-storer-8-5l
Foodland Balaklava,2025-05-04 23:55:48,Deeko Sugar Cane Bowls,N/A,N/A,$3.95,$0.66 Each,https://foodlandbalaklava.com.au//lines/d-ko-bowl-s-cane-500ml-6s
Foodland Balaklava,2025-05-04 23:55:48,Dermaveen Extra Hydration Gentle Soap-Free Wash,500mL,N/A,$21.00,$4.20 per 100mL,https://foodlandbalaklava.com.au//lines/dermaveen-soap-fr-x-gntl-500ml
Foodland Balaklava,2025-05-04 23:55:48,Dermeze Moisturising Soap Free Wash,1L,was $22.05,$18.00,$1.80 per 100mL,https://foodlandbalaklava.com.au//lines/dermeze-b-wsh-soap-free-1l
Foodland Balaklava,2025-05-04 23:55:48,Dettol Antibacterial Liquid Hand Wash Pump Aloe Vera And Vitamin E,250mL,was $3.55,$2.75,$1.10 per 100mL,https://foodlandbalaklava.com.au//lines/dettol-liq-wash-moist-pmp250ml
Foodland Balaklava,2025-05-04 23:55:48,Dettol Antibacterial Liquid Hand Wash Refresh Refill,950mL,N/A,$10.50,$1.11 per 100mL,https://foodlandbalaklava.com.au//lines/dettol-a-bact-r-frsh-ref-950ml
Foodland Balaklava,2025-05-04 23:55:48,Dettol Antibacterial Multipurpose Cleaner Surface Spray Disinfectant Crisp Apple,750mL,N/A,$7.00,$0.93 per 100mL,https://foodlandbalaklava.com.au//lines/dettol-m-purp-spray-apple750ml
Foodland Balaklava,2025-05-04 23:55:48,Dettol Healthy Clean Bathroom Disinfectant Spray,500mL,N/A,$5.25,$1.05 per 100mL,https://foodlandbalaklava.com.au//lines/dettol-h-cln-b-room-spry-500ml
Foodland Balaklava,2025-05-04 23:55:48,Dettol Healthy Clean Kitchen Cleaner Trigger Spray,500mL,N/A,$5.25,$1.05 per 100mL,https://foodlandbalaklava.com.au//lines/dettol-h-cln-kitchen-spry500ml
Foodland Balaklava,2025-05-04 23:55:48,"Dettol Multipurpose Biodegradable Disinfectant Wipes Household Grade, Lemon Burst 150 Pack",N/A,N/A,$8.00,$5.33 Units100,https://foodlandbalaklava.com.au//lines/dettol-wipes-m-purp-lem-150s
Foodland Balaklava,2025-05-04 23:55:48,Dettol Profresh Shower Gel Body Wash Peach Burst,950mL,N/A,$12.60,$1.33 per 100mL,https://foodlandbalaklava.com.au//lines/dettol-p-f-s-gel-pch-rasp950ml
Foodland Balaklava,2025-05-04 23:55:48,Dettol Sapoderm Hygienic Bar Soap,375g,N/A,$5.80,$1.55 per 100g,https://foodlandbalaklava.com.au//lines/sapoderm-medicated-soap-3pk
Foodland Balaklava,2025-05-04 23:55:48,Dettol Washing Machine Cleaner Citrus Burst,250mL,N/A,$8.40,$3.36 per 100mL,https://foodlandbalaklava.com.au//lines/dettol-clnr-wsh-mach-lem-250ml
Foodland Balaklava,2025-05-04 23:55:48,Devondale Extra Soft Promo Tub,500g,N/A,$7.50,$1.50 per 100g,https://foodlandbalaklava.com.au//lines/d-dale-ex-soft-500gm
Foodland Balaklava,2025-05-04 23:55:48,Devondale Sparkling Apple Juice,750mL,was $3.95,$3.60,N/A,https://foodlandbalaklava.com.au//lines/d-dale-jce-apple-sprkl-750ml
Foodland Balaklava,2025-05-04 23:55:48,Devondale Spreadable Dairy Soft,250mL,was $5.40,$4.60,$1.84 per 100g,https://foodlandbalaklava.com.au//lines/d-dale-butter-soft-reg-250gm
Foodland Balaklava,2025-05-04 23:55:48,Devondale Tasty Block Cheese,250g,was $7.65,$6.50,$26.00 per kg,https://foodlandbalaklava.com.au//lines/d-dale-chse-tasty-mat-250gm
Foodland Balaklava,2025-05-04 23:55:48,Diet Rite Passionfruit 1.​25,N/A,was $1.80,$1.55,$1.24 per L,https://foodlandbalaklava.com.au//lines/diet-rite-csd-passionfrt-1-25l-1
Foodland Balaklava,2025-05-04 23:55:48,Dine Classic Collection Chicken Morsels In Jelly,85g,was $1.70,$1.10,$1.29 per 100g,https://foodlandbalaklava.com.au//lines/dine-chicken-morsels-85gm
Foodland Balaklava,2025-05-04 23:55:48,Dine Classic Collection Cuts In Gravy Lamb,85g,was $1.70,$1.10,$1.29 per 100g,https://foodlandbalaklava.com.au//lines/dine-lamb-morsels-85gm
Foodland Balaklava,2025-05-04 23:55:48,Dine Classic Collection Saucy Morsels With Salmon,85g,was $1.70,$1.10,$1.29 per 100g,https://foodlandbalaklava.com.au//lines/dine-salmon-s-food-sauce-85gm
Foodland Balaklava,2025-05-04 23:55:48,Dine Classic Collection Slices With Tender Turkey,85g,was $1.70,$1.10,$1.29 per 100g,https://foodlandbalaklava.com.au//lines/dine-turkey-in-del-gravy-85gm
Foodland Balaklava,2025-05-04 23:55:48,Dine Creamy Treats Chicken,4 x 12g,N/A,$4.20,$8.75 per 100g,https://foodlandbalaklava.com.au//lines/dine-crmy-treat-chicken-4x12gm
Foodland Balaklava,2025-05-04 23:55:48,Dine Daily Saucy Morsel Salmon Svms (​7x85g),7 x 85g,was $10.50,$9.15,$1.54 per 100g,https://foodlandbalaklava.com.au//lines/dine-salmon-s-fd-sauce-7x85gm
Foodland Balaklava,2025-05-04 23:55:48,Dine Desire Adult Wet Cat Food With Tuna Fillets & Prawn In A Seafood Sauce Can,6 x 85g,was $14.20,$12.00,$2.35 per 100g,https://foodlandbalaklava.com.au//lines/dine-dsire-tna-pwn-s-sce6x85gm
Foodland Balaklava,2025-05-04 23:55:48,Dine Desire Grain Free Wet Cat Food Pure Tuna Whitemeat Can,85g,N/A,$2.50,$2.94 per 100g,https://foodlandbalaklava.com.au//lines/dine-dsire-tna-whtmeat-85gm
Foodland Balaklava,2025-05-04 23:55:48,Dine Fillets With Natural Shredded Chicken Tray,60g,N/A,$2.40,$4.00 per 100g,https://foodlandbalaklava.com.au//lines/dine-dome-chkn-shrd-grvy-60g
Foodland Balaklava,2025-05-04 23:55:48,Dine Fillets With Sustainable Tuna Tray,60g,N/A,$2.40,$4.00 per 100g,https://foodlandbalaklava.com.au//lines/dine-dome-chkn-tuna-grvy-60g
Foodland Balaklava,2025-05-04 23:55:48,Dine Melting Soup Adult Wet Cat Food Tuna & Chicken Pouch,40g,was $1.80,$1.55,$3.88 per 100g,https://foodlandbalaklava.com.au//lines/dine-soup-bon-chk-melting-40gm
Foodland Balaklava,2025-05-04 23:55:48,Dine Melting Soup Adult Wet Cat Food Tuna & Salmon Pouch,40g,was $1.80,$1.55,$3.88 per 100g,https://foodlandbalaklava.com.au//lines/dine-soup-bon-slmn-prwn-cr40gm
Foodland Balaklava,2025-05-04 23:55:50,Dine Pulled Menu With Chicken 7,85g,N/A,$12.60,$2.12 per 100g,https://foodlandbalaklava.com.au//lines/dine-plld-mnu-chckn-7x85gm
Foodland Balaklava,2025-05-04 23:55:50,Dine Wet Cat Food Classic Collection Fish Selection In Jelly Pouches,12 x 85g,N/A,$16.00,$1.57 per 100g,https://foodlandbalaklava.com.au//lines/dine-classic-chunk-fish12x85gm
Foodland Balaklava,2025-05-04 23:55:50,Dine® Fillets With Tuna & Prawn Tray,60g,N/A,$2.40,$4.00 per 100g,https://foodlandbalaklava.com.au//lines/dine-dome-chkn-o-fsh-grvy-60g
Foodland Balaklava,2025-05-04 23:55:50,Dinner Winner Beef,153g,N/A,$4.90,$3.20 per 100g,https://foodlandbalaklava.com.au//lines/mcc-dinner-winner-beef-153g
Foodland Balaklava,2025-05-04 23:55:50,Dishmatic Pot & Grill Handle Stainless Steel,N/A,N/A,$3.15,N/A,https://foodlandbalaklava.com.au//lines/dishmatic-pot-grill-hndl-s-stl-1
Foodland Balaklava,2025-05-04 23:55:50,Dishmatic Refill Xtra Duty 3pk,N/A,N/A,$6.62,$2.21 Each,https://foodlandbalaklava.com.au//lines/dishmatic-refill-xtr-dty-3pk
Foodland Balaklava,2025-05-04 23:55:50,Divine Classic Crè​me Caramel,2 x 150g,N/A,$3.75,$1.25 per 100g,https://foodlandbalaklava.com.au//lines/divine-cls-des-crm-cmel-2x150g
Foodland Balaklava,2025-05-04 23:55:50,Dollar Sweets 100s & 1000s,190g,N/A,$2.40,$1.26 per 100g,https://foodlandbalaklava.com.au//lines/dollar-100s-1000s-190gm
Foodland Balaklava,2025-05-04 23:55:50,Dollar Sweets Brite,160g,N/A,$2.40,$1.50 per 100g,https://foodlandbalaklava.com.au//lines/dollar-cake-tops-bright-160gm
Foodland Balaklava,2025-05-04 23:55:50,Dollar Sweets Majic 100s & 1000s,350g,N/A,$4.75,$1.36 per 100g,https://foodlandbalaklava.com.au//lines/dollar-100s-1000s-magic-350gm
Foodland Balaklava,2025-05-04 23:55:50,Dolmio Extra Spicy Peppers Pasta Sauce,500g,was $4.85,$4.10,$0.82 per 100g,https://foodlandbalaklava.com.au//lines/dolmio-pst-sce-s-peppers-500gm
Foodland Balaklava,2025-05-04 23:55:50,"Dolmio Extra Tomato, Onion & Roast Garlic Salt Reduced Pasta Sauce",500g,was $4.85,$4.10,$0.82 per 100g,https://foodlandbalaklava.com.au//lines/dolmio-pst-sce-t-o-gar-rs500gm
Foodland Balaklava,2025-05-04 23:55:50,Dolmio Nonna's Bolognese Pasta Sauce,500g,N/A,$3.80,$0.76 per 100g,https://foodlandbalaklava.com.au//lines/dolmio-pst-sce-non-bolog-500gm
Foodland Balaklava,2025-05-04 23:55:50,Dolmio Nonna's Roast Garlic Pasta Sauce,500g,N/A,$3.80,$0.76 per 100g,https://foodlandbalaklava.com.au//lines/dolmio-pst-sce-non-tom-bs500gm
Foodland Balaklava,2025-05-04 23:55:50,Dolmio Three Cheese Pasta Bake Sauce,490g,N/A,$4.00,$0.82 per 100g,https://foodlandbalaklava.com.au//lines/dolmio-pst-bke-3-cheese-490gm
Foodland Balaklava,2025-05-04 23:55:50,Don Franks Skin-On,750g,was $8.70,$7.00,$9.33 per kg,https://foodlandbalaklava.com.au//lines/don-franks-footy-skn-on-750gm
Foodland Balaklava,2025-05-04 23:55:50,Don® Cheese Kransky,200g,was $7.05,$5.85,$29.25 per kg,https://foodlandbalaklava.com.au//lines/don-kransky-cheese-200gm
Foodland Balaklava,2025-05-04 23:55:50,Don® Easy Entertaining Hungarian Mild Salami Sliced,80g,N/A,$5.80,$72.50 per kg,https://foodlandbalaklava.com.au//lines/don-salami-hung-mld-entr-80g
Foodland Balaklava,2025-05-04 23:55:50,Don® English Style Leg Ham Thinly Sliced,200g,was $6.95,$5.00,$25.00 per kg,https://foodlandbalaklava.com.au//lines/don-ham-eng-thin-slcd-200gm
Foodland Balaklava,2025-05-04 23:55:50,Don® Honey Leg Ham Thinly Sliced,200g,was $6.95,$5.00,$25.00 per kg,https://foodlandbalaklava.com.au//lines/don-ham-hny-thn-slcd-200gm
Foodland Balaklava,2025-05-04 23:55:50,Don® Hot Hungarian Salami Chub,200g,was $9.35,$7.20,$36.00 per kg,https://foodlandbalaklava.com.au//lines/don-salami-hung-hot-200gm
Foodland Balaklava,2025-05-04 23:55:50,Don® Skin-On Frankfurts,500g,N/A,$8.30,$16.60 per kg,https://foodlandbalaklava.com.au//lines/don-frankfurts-skin-on-500gm
Foodland Balaklava,2025-05-04 23:55:50,Doritos Dip Platter Dips Entertaining Size Medium Salsa,300g,N/A,$2.75,$0.92 per 100g,https://foodlandbalaklava.com.au//lines/doritos-salsa-medium-300gm
Foodland Balaklava,2025-05-04 23:55:50,Doritos Nacho Cheese Corn Chips,170g,was $5.00,$3.60,$2.12 per 100g,https://foodlandbalaklava.com.au//lines/doritos-c-chip-chse-nacho170gm
Foodland Balaklava,2025-05-04 23:55:50,Dorsogna Mini Honey Leg Ham Portion,850g,N/A,$14.70,$17.29 per kg,https://foodlandbalaklava.com.au//lines/dors-ham-leg-prtn-honey-850gm
Foodland Balaklava,2025-05-04 23:55:50,Double 'D' Sugar Free Jelly Rounds,70g,N/A,$2.70,$3.86 per 100g,https://foodlandbalaklava.com.au//lines/double-d-s-f-frt-jellies-70gm
Foodland Balaklava,2025-05-04 23:55:50,Double D S/​F Fruit Drops #​70gm,N/A,N/A,$2.70,$3.86 per 100g,https://foodlandbalaklava.com.au//lines/double-d-s-f-fruit-drops-70gm
Foodland Balaklava,2025-05-04 23:55:50,Double Merinos Shanghai Wonton Skin 30,N/A,N/A,$5.90,$2.36 per 100g,https://foodlandbalaklava.com.au//lines/fresh-wonton-wrappers-250g-1
Foodland Balaklava,2025-05-04 23:55:50,Dove Advanced Care Antiperspirant Aerosol Apple And White Tea Mcgrath,220mL,N/A,$8.95,$4.07 per 100mL,https://foodlandbalaklava.com.au//lines/dove-deod-ap-wht-mcgr-220ml
Foodland Balaklava,2025-05-04 23:55:50,Dove Advanced Care Antiperspirant Aerosol Deodorant Go Fresh Pomegranate & Lemon Verbena,150mL,was $6.30,$5.00,$3.33 per 100mL,https://foodlandbalaklava.com.au//lines/dove-deo-wmn-aero-pmgrnt-150ml
Foodland Balaklava,2025-05-04 23:55:50,Dove Advanced Care Antiperspirant Aerosol Deodorant Original,150mL,was $6.30,$5.00,$3.33 per 100mL,https://foodlandbalaklava.com.au//lines/dove-deo-wmn-original-150ml
Foodland Balaklava,2025-05-04 23:55:50,Dove Advanced Care Antiperspirant Deodorant For 72 Hours Of Protection Invisible Dry Aerosol,250mL,N/A,$12.10,$4.84 per 100mL,https://foodlandbalaklava.com.au//lines/dove-deod-adv-invis-dry-250ml
Foodland Balaklava,2025-05-04 23:55:50,Dove Advanced Care Go Fresh Antiperspirant Deodorant Cucumber & Green Tea Aerosol,250mL,N/A,$12.10,$4.84 per 100mL,https://foodlandbalaklava.com.au//lines/dove-deod-adv-grn-tea-cuc250ml
Foodland Balaklava,2025-05-04 23:55:50,"Dove Beauty Cream Bar For Soft, Smooth, Healthy-Looking Skin Original With 1/​4 Moisturising Cream",2 x 90g,N/A,$4.90,$2.72 per 100g,https://foodlandbalaklava.com.au//lines/dove-body-bar-regular-2x90gm
Foodland Balaklava,2025-05-04 23:55:50,Dove Body Wash 24-Hour Nourishment Triple Moisturising With A Microbiome-Gentle Formula For Daily Skin Care,500mL,N/A,$9.45,$1.89 per 100mL,https://foodlandbalaklava.com.au//lines/dove-body-wash-trpl-mstr-500ml
Foodland Balaklava,2025-05-04 23:55:50,Dove Deodorant Aerosol Peach & Lemon Verbena Zero Aluminium,200mL,N/A,$8.95,$4.48 per 100mL,https://foodlandbalaklava.com.au//lines/dove-deo-wmn-zroalu-peach200ml
Foodland Balaklava,2025-05-04 23:55:50,Dove Intensive Repair Conditioner For Damaged Hair With Bio-Restore Complex Stops 98% Of Daily Hair Damage,350mL,N/A,$9.45,$2.70 per 100mL,https://foodlandbalaklava.com.au//lines/dove-cond-int-repair-350ml
Foodland Balaklava,2025-05-04 23:55:50,Dove Men Deodorant Roll On Clean Comfort Zero Aluminium,50mL,N/A,$4.75,$9.50 per 100mL,https://foodlandbalaklava.com.au//lines/dove-men-ro-cln-cft-zro-al50ml
Foodland Balaklava,2025-05-04 23:55:50,Dove Men+​Care Dove Men+​Care Antiperspirant Deodorant Invisible Dry Anti-White Marks. Anti-Yellow Stains,50mL,N/A,$5.25,$10.50 per 100mL,https://foodlandbalaklava.com.au//lines/dove-deod-r-o-men-inv-dry-50ml
Foodland Balaklava,2025-05-04 23:55:50,Dove Summer Glow Gradual Tan Body Lotion Fair To Medium,250mL,N/A,$11.05,$4.42 per 100mL,https://foodlandbalaklava.com.au//lines/dove-body-ltn-smmr-light-250ml
Foodland Balaklava,2025-05-04 23:55:50,Drano Bathroom Max Gel Drain Cleaner,770mL,N/A,$17.55,$2.28 per 100mL,https://foodlandbalaklava.com.au//lines/drano-drain-gel-bthroom-770ml
Foodland Balaklava,2025-05-04 23:55:50,Drum Stick Minis Boysenberry 6pk,N/A,was $10.00,$9.20,$1.92 per 100mL,https://foodlandbalaklava.com.au//lines/peters-m-p-d-stk-mini-b-bry-6s
Foodland Balaklava,2025-05-04 23:55:50,Drumstick Snack Pack 24x,N/A,was $37.80,$24.00,$0.84 per 100mL,https://foodlandbalaklava.com.au//lines/peters-m-p-d-stk-mixed-24s
Foodland Balaklava,2025-05-04 23:55:50,Duck Deep Action Gel Toilet Cleaner Citrus,750mL,N/A,$7.35,$0.98 per 100mL,https://foodlandbalaklava.com.au//lines/duck-deep-act-gel-citrus-750ml
Foodland Balaklava,2025-05-04 23:55:50,"Duck Extra Power Toilet Shield, Gel Toilet Cleaner Cool Fresh",500mL,N/A,$6.30,$1.26 per 100mL,https://foodlandbalaklava.com.au//lines/duck-ext-pwr-shld-cool-500ml
Foodland Balaklava,2025-05-04 23:55:50,Duck Fresh Discs Toilet Cleaner Citrus Twin Refills 2 Pack,2 x 26mL,N/A,$9.45,$13.12 per 100mL,https://foodlandbalaklava.com.au//lines/duck-fresh-disc-lm-zs-rf2x36ml
Foodland Balaklava,2025-05-04 23:55:50,Duck Fresh Discs Toilet Cleaner Limited Edition Fragrance,36mL,N/A,$7.65,$21.25 per 100mL,https://foodlandbalaklava.com.au//lines/duck-fresh-discs-ltd-ed-36ml
Foodland Balaklava,2025-05-04 23:55:50,Duck Liquid Rim Block Toilet Cleaner Marine Twin Refill,2 x 50mL,N/A,$6.70,$6.70 per 100mL,https://foodlandbalaklava.com.au//lines/duck-lutr-aqua-burst-rf2x50ml
Foodland Balaklava,2025-05-04 23:55:51,Dulwich Cornflake Cookies,300g,N/A,$7.50,$2.50 per 100g,https://foodlandbalaklava.com.au//lines/dulwich-cornflake-cookies-300g
Foodland Balaklava,2025-05-04 23:55:51,Duo Leaf Lettuce,N/A,N/A,$3.45,$1.72 Each,https://foodlandbalaklava.com.au//lines/lettuce-hydro-1
Foodland Balaklava,2025-05-04 23:55:51,Duracell Aaa Batteries,N/A,was $7.50,$5.25,N/A,https://foodlandbalaklava.com.au//lines/duracell-batt-e-day-aaa-4pk
Foodland Balaklava,2025-05-04 23:55:51,Duracell Coppertop Aaa 14 Pack Batteries 14pk,N/A,was $28.88,$19.50,$1.39 Each,https://foodlandbalaklava.com.au//lines/duracell-batt-c-top-aaa-14pk
Foodland Balaklava,2025-05-04 23:55:51,Dynamo Professional Odour Eliminator Laundry Detergent Liquid,2L,N/A,$30.45,$15.22 per L,https://foodlandbalaklava.com.au//lines/dynamo-l-liq-prof-od-elm-2l
Foodland Balaklava,2025-05-04 23:55:51,Dynamo Professional Oxiplus Laundry Detergent Liquid,2L,N/A,$30.45,$15.22 per L,https://foodlandbalaklava.com.au//lines/dynamo-l-liq-prof-oxiplus-2l
Foodland Balaklava,2025-05-04 23:55:51,D’​Orsognia Salami Antipasto,100g,N/A,$10.00,$100.00 per kg,https://foodlandbalaklava.com.au//lines/dors-art-antipsto-slc-100g
Foodland Balaklava,2025-05-04 23:55:51,Earth Choice Dishwashing Liquid Lemon Fresh,1L,N/A,$2.35,$0.24 per 100mL,https://foodlandbalaklava.com.au//lines/earths-chce-d-wsh-liq-1l
Foodland Balaklava,2025-05-04 23:55:51,Earth Choice Floor & Surface Eucalyptus Cleaner,1L,N/A,$3.35,$0.34 per 100mL,https://foodlandbalaklava.com.au//lines/earths-chce-clnr-flr-surf-1l
Foodland Balaklava,2025-05-04 23:55:51,Earth Choice Multi Purpose Spray & Clean,600mL,was $3.35,$3.10,$0.52 per 100mL,https://foodlandbalaklava.com.au//lines/earths-chce-spry-m-purp-600ml
Foodland Balaklava,2025-05-04 23:55:51,Earth Choice Wool & Delicates Laundry Liquid Detergent Wash Top & Front Loader Eucalyptus Fresh,1L,N/A,$2.85,$2.85 per L,https://foodlandbalaklava.com.au//lines/earths-chce-woolwash-1l
Foodland Balaklava,2025-05-04 23:55:51,Earthwise Sensitive Liquid Laundry Detergent,2L,N/A,$21.00,$10.50 per L,https://foodlandbalaklava.com.au//lines/earthwise-l-liq-sensitive-2l
Foodland Balaklava,2025-05-04 23:55:51,"Easeacold Cough, Cold & Flu Day/​Night 24 Soft Capsules",N/A,N/A,$19.95,$0.83 Each,https://foodlandbalaklava.com.au//lines/ease-a-cold-cgh-cld-fl-d-n-24s
Foodland Balaklava,2025-05-04 23:55:51,Easy-Off Bam Soapscum Trigger,750mL,N/A,$8.95,$11.93 per L,https://foodlandbalaklava.com.au//lines/easy-off-bam-clnr-sp-scm-750ml
Foodland Balaklava,2025-05-04 23:55:51,Easy-Off Heavy Duty Oven & BBQ Cleaner,325g,N/A,$5.80,$1.78 per 100g,https://foodlandbalaklava.com.au//lines/easy-off-ovn-clnr-hvyduty325gm
Foodland Balaklava,2025-05-04 23:55:51,Eclipse Grape Flavour Sugar Free Chewy Mints,40g,was $4.20,$3.60,$9.00 per 100g,https://foodlandbalaklava.com.au//lines/wrig-eclipse-mnt-grpe-40gm
Foodland Balaklava,2025-05-04 23:55:51,Eclipse Intense Mint Flavoured Sugar Free Mints Tin,40g,was $4.20,$3.60,$9.00 per 100g,https://foodlandbalaklava.com.au//lines/wrig-eclipse-mnt-inten-40gm
Foodland Balaklava,2025-05-04 23:55:51,Eclipse Peppermint Flavoured Chewy Mints Bottle,93g,was $5.25,$4.70,$5.05 per 100g,https://foodlandbalaklava.com.au//lines/wrig-eclipse-chwy-pmint-93gm
Foodland Balaklava,2025-05-04 23:55:51,Edenvale Sauvignon Blanc Non Alcoholic,750mL,N/A,$11.05,$14.73 per L,https://foodlandbalaklava.com.au//lines/edenvale-sav-blanc-n-alco750ml
Foodland Balaklava,2025-05-04 23:55:51,Edgell 4 Bean Mix,400g,was $2.30,$1.95,$4.88 per kg,https://foodlandbalaklava.com.au//lines/edg-4-bean-mix-400gm
Foodland Balaklava,2025-05-04 23:55:51,Edgell Chick Peas,400g,was $2.30,$1.95,$4.88 per kg,https://foodlandbalaklava.com.au//lines/edg-peas-chick-400gm
Foodland Balaklava,2025-05-04 23:55:51,Edgell Chick Peas With Olive Oil Garlic & Rosemary,70g,was $1.70,$1.40,$20.00 per kg,https://foodlandbalaklava.com.au//lines/edg-peas-chick-o-o-grl-rmy70gm
Foodland Balaklava,2025-05-04 23:55:51,Edgell Four Bean Mix Value Pack,4 x 125g,N/A,$3.80,$7.60 per kg,https://foodlandbalaklava.com.au//lines/edg-4-bean-multi-4x125gm
Foodland Balaklava,2025-05-04 23:55:51,Edgell Peas & Carrots,420g,N/A,$2.65,$6.31 per kg,https://foodlandbalaklava.com.au//lines/edg-peas-carrots-420gm
Foodland Balaklava,2025-05-04 23:55:51,Edgell Peas Corn & Carrots,420g,N/A,$2.65,$6.31 per kg,https://foodlandbalaklava.com.au//lines/edg-pea-corn-carrot-420gm
Foodland Balaklava,2025-05-04 23:55:51,Edgell Redkidney Bean With Chilli & Olive Oil,70g,was $1.70,$1.40,$20.00 per kg,https://foodlandbalaklava.com.au//lines/edg-kidney-bean-red-ch-o-o70gm
Foodland Balaklava,2025-05-04 23:55:51,Energizer Max Battery Aaa 24,N/A,N/A,$29.00,$1.21 Each,https://foodlandbalaklava.com.au//lines/energizer-max-aaa-24pk
Foodland Balaklava,2025-05-04 23:55:51,Equal Sweetener Tablets 300,N/A,N/A,$10.00,$40.00 per 100g,https://foodlandbalaklava.com.au//lines/equal-sweetener-tablets-300s
Foodland Balaklava,2025-05-04 23:55:51,Essential Pet Fish Food Pond,50g,N/A,$6.60,$13.20 per 100g,https://foodlandbalaklava.com.au//lines/essen-pet-fish-fd-pond-50gm
Foodland Balaklava,2025-05-04 23:55:51,Essentials Pet Munch Bird Bell,750g,was $6.95,$5.85,$0.78 per 100g,https://foodlandbalaklava.com.au//lines/bird-mnch-brd-bell-wild-750gm
Foodland Balaklava,2025-05-04 23:55:51,Eta Original Barbecue Sauce,375mL,N/A,$3.35,$0.89 per 100mL,https://foodlandbalaklava.com.au//lines/eta-sce-barbeque-375ml
Foodland Balaklava,2025-05-04 23:55:51,Euro-Tuss Cough Cold & Flu Liquid,200mL,was $17.00,$13.60,$6.80 per 100mL,https://foodlandbalaklava.com.au//lines/duro-tuss-cold-flu-cough-200ml
Foodland Balaklava,2025-05-04 23:55:51,Europe Nougat Honey Log,40g,was $2.65,$2.05,$5.12 per 100g,https://foodlandbalaklava.com.au//lines/europe-honey-log-med-bar-40gm
Foodland Balaklava,2025-05-04 23:55:51,Europe Summer Roll,40g,was $2.65,$2.05,$5.12 per 100g,https://foodlandbalaklava.com.au//lines/europe-summer-roll-med-bar40gm
Foodland Balaklava,2025-05-04 23:55:51,Eveready Aa 24,N/A,N/A,$21.00,$0.88 Each,https://foodlandbalaklava.com.au//lines/eveready-black-shd-aa-24pk
Foodland Balaklava,2025-05-04 23:55:51,Eveready Gold Battery Aaa,N/A,was $19.50,$9.75,$0.61 Each,https://foodlandbalaklava.com.au//lines/eveready-batt-gold-aaa-16pk
Foodland Balaklava,2025-05-04 23:55:51,Extra Spearmint Sugar Free Chewing Gum,81g,N/A,$5.50,$6.79 per 100g,https://foodlandbalaklava.com.au//lines/wrig-extra-smnt-s-f-00633-42pc
Foodland Balaklava,2025-05-04 23:55:51,Extra Spearmint Sugar Free Chewing Gum Bottle,64g,was $5.25,$4.70,$7.34 per 100g,https://foodlandbalaklava.com.au//lines/wrig-extra-sprmint-plt-btl-46s
Foodland Balaklava,2025-05-04 23:55:51,Extra Strawberry Sugar Free Chewing Gum 14 Pieces,27g,was $2.65,$2.55,$9.44 per 100g,https://foodlandbalaklava.com.au//lines/wrig-extra-env-strawberry-sngl
Foodland Balaklava,2025-05-04 23:55:51,Extra White Peppermint Sugar Free Chewing Gum Bottle,64g,was $5.25,$4.70,$7.34 per 100g,https://foodlandbalaklava.com.au//lines/wrig-extra-white-btl-megapk46s
Foodland Balaklava,2025-05-04 23:55:51,Extra White Soft Chew Spearmint Sugar Free Chewing Gum Bottle,67g,was $5.25,$4.70,$7.01 per 100g,https://foodlandbalaklava.com.au//lines/wrig-extra-p-mint-btl-67gm
Foodland Balaklava,2025-05-04 23:55:51,F/​Country Pork Meatbals Itl Rw,N/A,N/A,$19.99,N/A,https://foodlandbalaklava.com.au//lines/f-country-pork-meatbals-itl-rw-2
Foodland Balaklava,2025-05-04 23:55:51,F/​Country Steak P/​House Org Rw,N/A,N/A,$29.00,$57.99 per kg,https://foodlandbalaklava.com.au//lines/f-cntry-org-beef-p-house-steak-1
Foodland Balaklava,2025-05-04 23:55:51,F/​Country Steak Rump Org Rw,N/A,N/A,$44.00,N/A,https://foodlandbalaklava.com.au//lines/f-country-steak-rump-org-rw-2
Foodland Balaklava,2025-05-04 23:55:51,F/​Land Dip Chse & Chiv,200g,was $3.55,$2.95,$1.48 per 100g,https://foodlandbalaklava.com.au//lines/f-land-dip-chse-chives-200gm-1
Foodland Balaklava,2025-05-04 23:55:51,F/​Land Dip Tzatz,200g,was $3.55,$2.95,$1.48 per 100g,https://foodlandbalaklava.com.au//lines/f-land-dip-tzatziki-200gm-1
Foodland Balaklava,2025-05-04 23:55:51,F/​Land Honey Aust Blue Gum500g,N/A,was $7.50,$7.00,$1.40 per 100g,https://foodlandbalaklava.com.au//lines/f-land-honey-aust-blue-gum500g
Foodland Balaklava,2025-05-04 23:55:51,F/​Land I/​Crm Vanilla,2L,N/A,$7.13,$0.36 per 100mL,https://foodlandbalaklava.com.au//lines/f-land-i-crm-vanilla-2l
Foodland Balaklava,2025-05-04 23:55:53,F/​Land I/​Crm Vanilla,4L,N/A,$12.20,$0.30 per 100mL,https://foodlandbalaklava.com.au//lines/f-land-i-crm-vanilla-4l
Foodland Balaklava,2025-05-04 23:55:53,F/​Land Icrm Bar Choc Mp6x100ml,N/A,N/A,$6.00,$1.00 per 100mL,https://foodlandbalaklava.com.au//lines/f-land-icrm-bar-choc-mp6x100ml
Foodland Balaklava,2025-05-04 23:55:53,F/​Land Lemon Lime Soda,1.25L,was $1.75,$1.50,$1.20 per L,https://foodlandbalaklava.com.au//lines/f-land-lemon-lime-soda-1-25l
Foodland Balaklava,2025-05-04 23:55:53,"Fab Fresh Frangipani, Liquid Laundry Washing Detergent,",2L,N/A,$9.00,$4.50 per L,https://foodlandbalaklava.com.au//lines/fab-laun-liq-frngpn-2l
Foodland Balaklava,2025-05-04 23:55:53,"Fab Perfume Indulgence Sublime Velvet, Powder Laundry Washing Detergent,",1.8kg,N/A,$9.00,$5.00 per kg,https://foodlandbalaklava.com.au//lines/fab-tempt-spice-allr-o-fm-1-8k-1
Foodland Balaklava,2025-05-04 23:55:53,Fabulon Ironing Aid Linen Breeze Trigger Spray,500mL,N/A,$11.05,$2.21 per 100mL,https://foodlandbalaklava.com.au//lines/fabulon-reg-lin-brze-trig500ml
Foodland Balaklava,2025-05-04 23:55:53,Fairy All In One Lemon Dishwasher Tablets 26 Pack,N/A,was $25.40,$12.45,$0.48 Each,https://foodlandbalaklava.com.au//lines/fairy-d-wsh-tab-aio-lmn-26pk
Foodland Balaklava,2025-05-04 23:55:53,Fairy All In One Lemon Dishwasher Tablets 48 Pack,N/A,was $40.95,$19.50,$0.41 Each,https://foodlandbalaklava.com.au//lines/fairy-d-wsh-tab-aio-lmn-48pk
Foodland Balaklava,2025-05-04 23:55:53,Fairy Margarine,250g,N/A,$2.75,$1.10 per 100g,https://foodlandbalaklava.com.au//lines/fairy-marg-250gm
Foodland Balaklava,2025-05-04 23:55:53,"Fancy Feast Adult Inspirations Tuna, Courgette & Rice And Beef, Courgette & Tomato Wet Cat Food",12 x 70g,N/A,$19.95,$2.38 per 100g,https://foodlandbalaklava.com.au//lines/purina-f-fst-ins-bf-tn-12x70gm
Foodland Balaklava,2025-05-04 23:55:53,Fancy Feast Adult Petite Delights Chicken & Turkey Grilled Wet Cat Food,6 x 50g,was $6.60,$5.50,$1.83 per 100g,https://foodlandbalaklava.com.au//lines/purina-f-fst-pc-chk-trk-6x50gm-1
Foodland Balaklava,2025-05-04 23:55:53,Fancy Feast Classic Pate Kitten Tender Chicken Feast Wet Cat Food Can,85g,was $2.00,$1.60,$1.88 per 100g,https://foodlandbalaklava.com.au//lines/purina-f-fst-kitt-chicken-85g
Foodland Balaklava,2025-05-04 23:55:53,Fancy Feast Gravy Lovers Ocean Whitefish & Tuna Feast In Sauteed Seafood Flavour Gravy Wet Cat Food Can,85g,was $2.00,$1.60,$1.88 per 100g,https://foodlandbalaklava.com.au//lines/purina-f-fst-grvlvrs-tuna-85g
Foodland Balaklava,2025-05-04 23:55:53,Fancy Feast Grilled Chicken Feast In Gravy Wet Cat Food Can,85g,was $2.00,$1.60,$1.88 per 100g,https://foodlandbalaklava.com.au//lines/purina-f-fst-gril-chicken-85g
Foodland Balaklava,2025-05-04 23:55:53,Fancy Feast Grilled Liver & Chicken Feast In Gravy Wet Cat Food Can,85g,was $2.00,$1.60,$1.88 per 100g,https://foodlandbalaklava.com.au//lines/purina-f-fst-gril-lvr-chk-85g
Foodland Balaklava,2025-05-04 23:55:53,Fancy Feast Grilled Salmon Feast In Gravy Wet Cat Food Can,85g,was $2.00,$1.60,$1.88 per 100g,https://foodlandbalaklava.com.au//lines/purina-f-fst-gril-salmon-85g
Foodland Balaklava,2025-05-04 23:55:53,Fanta Grape Soft Drink Bottle,1.25L,was $4.00,$2.40,$1.92 per L,https://foodlandbalaklava.com.au//lines/fanta-grape-1-25l
Foodland Balaklava,2025-05-04 23:55:53,Fantastic Cup Noodles Chicken,6 x 70g,N/A,$9.40,$2.24 per 100g,https://foodlandbalaklava.com.au//lines/fantastic-cup-ndl-chkn-6x70gm
Foodland Balaklava,2025-05-04 23:55:53,Fantastic Cup Noodles Chicken,70g,N/A,$2.65,$3.79 per 100g,https://foodlandbalaklava.com.au//lines/fantastic-cup-ndl-chicken-70gm
Foodland Balaklava,2025-05-04 23:55:53,Fantastic Delites Curls Rice Snacks Cheese,80g,was $2.75,$1.85,$2.31 per 100g,https://foodlandbalaklava.com.au//lines/fantastic-curls-cheese-80gm
Foodland Balaklava,2025-05-04 23:55:53,Fantastic Delites Honey Baked Ham,100g,was $2.95,$1.40,$1.40 per 100g,https://foodlandbalaklava.com.au//lines/fantastic-dlte-honey-ham-100gm
Foodland Balaklava,2025-05-04 23:55:53,Fantastic Delites Traditional Chicken,100g,was $2.95,$1.40,$1.40 per 100g,https://foodlandbalaklava.com.au//lines/fantastic-dlte-chk-trad-100gm
Foodland Balaklava,2025-05-04 23:55:53,Fantastic Instant Noodles,700g,was $5.20,$4.50,$0.64 per 100g,https://foodlandbalaklava.com.au//lines/fantastic-inst-ndl-pln-700gm
Foodland Balaklava,2025-05-04 23:55:53,Fantastic Rice Crackers Honey & Soy,100g,N/A,$2.50,$2.50 per 100g,https://foodlandbalaklava.com.au//lines/fantastic-rcrkr-hny-soy-100gm
Foodland Balaklava,2025-05-04 23:55:53,Fantastic Rice Crackers Salt & Vinegar,100g,N/A,$2.50,$2.50 per 100g,https://foodlandbalaklava.com.au//lines/fantastic-rcrkr-slt-vin-100g
Foodland Balaklava,2025-05-04 23:55:53,Fantastic Rice Crackers Seaweed,100g,N/A,$2.50,$2.50 per 100g,https://foodlandbalaklava.com.au//lines/fantastic-rcrkr-s-weed-100gm
Foodland Balaklava,2025-05-04 23:55:53,Fantastic Rice Crackers Teriyaki,100g,N/A,$2.50,$2.50 per 100g,https://foodlandbalaklava.com.au//lines/fantastic-rcrkr-teraki-100gm
Foodland Balaklava,2025-05-04 23:55:53,Farex® Breakfast On The Go Apple & Oatmeal 6+ Months,120g,N/A,$1.60,$1.33 per 100g,https://foodlandbalaklava.com.au//lines/farex-apple-oatmeal-120gm
Foodland Balaklava,2025-05-04 23:55:53,Farmers Choice Chives,20g,N/A,$2.99,N/A,https://foodlandbalaklava.com.au//lines/f-choice-pp-herbs-chives-30g
Foodland Balaklava,2025-05-04 23:55:53,Farmers Market™ Adult Dog Chicken Stew With Vegetables & Brown Rice Wet Food,400g,N/A,$3.35,$0.84 per 100g,https://foodlandbalaklava.com.au//lines/farm-mrkt-stw-chk-vg-rc-400gm
Foodland Balaklava,2025-05-04 23:55:53,Farmers Market™ Grain Free Adult Dog Chicken Loaf With Carrots & Peas Wet Food,400g,N/A,$3.35,$0.84 per 100g,https://foodlandbalaklava.com.au//lines/farm-mrkt-loaf-gf-chkn-400gm
Foodland Balaklava,2025-05-04 23:55:53,Farmers Union Greek Honey,950g,N/A,$6.50,$0.68 per 100g,https://foodlandbalaklava.com.au//lines/farm-un-ygt-grk-hny-950gm
Foodland Balaklava,2025-05-04 23:55:53,Farmers Union Greek Style Yogurt,240g,N/A,$3.25,$1.35 per 100g,https://foodlandbalaklava.com.au//lines/farm-un-ygt-grk-styl-240gm
Foodland Balaklava,2025-05-04 23:55:53,Farmers Union Iced Coffee,500mL,was $3.85,$2.90,$5.80 per L,https://foodlandbalaklava.com.au//lines/farm-union-milk-iced-cfe-500ml
Foodland Balaklava,2025-05-04 23:55:53,Farmers Union Iced Coffee,750mL,was $4.70,$4.50,$6.00 per L,https://foodlandbalaklava.com.au//lines/f-union-iced-coffee-750ml
Foodland Balaklava,2025-05-04 23:55:53,Farmers Union Iced Coffee Lactose Free,2L,was $8.00,$6.50,$3.25 per L,https://foodlandbalaklava.com.au//lines/f-union-iced-coffee-lac-free-2l
Foodland Balaklava,2025-05-04 23:55:53,Farmers Union Iced Coffee No Sugar Added,2L,was $8.00,$6.50,$3.25 per L,https://foodlandbalaklava.com.au//lines/f-union-iced-coffee-nas-2l
Foodland Balaklava,2025-05-04 23:55:53,Farmers Union Strong Iced Coffee,600mL,was $3.25,$2.90,$4.83 per L,https://foodlandbalaklava.com.au//lines/f-union-iced-coff-strng-600ml
Foodland Balaklava,2025-05-04 23:55:53,Farmers Union Strong Iced Coffee Btl,500mL,was $3.85,$2.90,$5.80 per L,https://foodlandbalaklava.com.au//lines/farm-union-milk-i-cfe-str500ml
Foodland Balaklava,2025-05-04 23:55:53,Febreze With Ambi Pur Fabric Spray Anti Bacterial,370mL,N/A,$6.85,$18.51 per L,https://foodlandbalaklava.com.au//lines/febreze-a-bac-ambi-refrs-370ml-3
Foodland Balaklava,2025-05-04 23:55:53,Felix Adult As Good As It Looks™ Doubly Delicious Meat Selection In Jelly Wet Cat Food,12 x 85g,was $15.25,$9.00,$0.88 per 100g,https://foodlandbalaklava.com.au//lines/purina-felix-agail-meat12x85gm
Foodland Balaklava,2025-05-04 23:55:53,Felix Adult As Good As It Looks™ Gravy Lover Fish Selection Wet Cat Food,12 x 85g,was $15.25,$9.00,$0.88 per 100g,https://foodlandbalaklava.com.au//lines/purina-felix-grvy-fish-12x85gm
Foodland Balaklava,2025-05-04 23:55:53,Felix Adult As Good As It Looks™ Gravy Lover Meat Selection Wet Cat Food,12 x 85g,was $15.25,$9.00,$0.88 per 100g,https://foodlandbalaklava.com.au//lines/purina-felix-grvy-meat-12x85gm
Foodland Balaklava,2025-05-04 23:55:53,Felix Kitten As Good As It Looks™ Kitten Menus In Jelly Wet Cat Food,12 x 85g,was $15.25,$9.00,$0.88 per 100g,https://foodlandbalaklava.com.au//lines/purina-felix-kitten-menu12x85g
Foodland Balaklava,2025-05-04 23:55:53,Felix Party Mix Seafood Cat Treats,60g,was $4.75,$2.30,$3.83 per 100g,https://foodlandbalaklava.com.au//lines/purina-felix-trt-p-mx-s-fd60gm
Foodland Balaklava,2025-05-04 23:55:53,Felix Play Tubes Chicken & Liver Cat Treats,50g,was $4.75,$2.30,$3.83 per 100g,https://foodlandbalaklava.com.au//lines/purina-felix-p-tbe-chk-lvr60gm
Foodland Balaklava,2025-05-04 23:55:53,Felix Play Tubes Tuna & Crab Cat Treats,50g,was $4.75,$2.30,$3.83 per 100g,https://foodlandbalaklava.com.au//lines/purina-felix-p-tbe-tna-crb60gm
Foodland Balaklava,2025-05-04 23:55:53,Felix Sensations Jellies Meat Selection Wet Cat Food,24 x 85g,N/A,$21.50,$1.05 per 100g,https://foodlandbalaklava.com.au//lines/purina-felix-j-sen-meat24x85gm
Foodland Balaklava,2025-05-04 23:55:54,Femfresh Daily Soap-Free Intimate Wash With Aloe Vera & Calendula Extracts,250mL,was $7.90,$7.15,$2.86 per 100mL,https://foodlandbalaklava.com.au//lines/femfresh-daily-wash-250ml
Foodland Balaklava,2025-05-04 23:55:54,Fennel Bulbs Each,N/A,N/A,$2.65,N/A,https://foodlandbalaklava.com.au//lines/fennel-bulbs-each
Foodland Balaklava,2025-05-04 23:55:54,Finish All In 1 Max Gel Lemon,1L,was $18.40,$16.00,$1.60 per 100mL,https://foodlandbalaklava.com.au//lines/finish-maxin1-gel-lemon-1l
Foodland Balaklava,2025-05-04 23:55:54,Finish Dishwasher Deep Cleaner Lemon,250mL,was $11.05,$8.95,$3.58 per 100mL,https://foodlandbalaklava.com.au//lines/finish-d-wsh-cleanr-lem-250ml
Foodland Balaklava,2025-05-04 23:55:54,Finish Quantum Dishwashing Lemon 50 Pack,N/A,was $33.60,$23.20,$0.46 Each,https://foodlandbalaklava.com.au//lines/finish-tab-ult-aio-lmn-sprk50s
Foodland Balaklava,2025-05-04 23:55:54,Finish Quantum Dishwashing Tablets Fresh 36 Pack,N/A,was $31.50,$20.00,$0.56 Each,https://foodlandbalaklava.com.au//lines/finish-tab-ult-aio-fresh-36s
Foodland Balaklava,2025-05-04 23:55:54,Finish Rinse & Shine Aid,250mL,was $8.40,$5.95,$2.38 per 100mL,https://foodlandbalaklava.com.au//lines/finish-rinse-aid-reg-250ml
Foodland Balaklava,2025-05-04 23:55:54,Finish Rinse & Shine Aid Lemon,500mL,was $12.10,$7.95,$1.59 per 100mL,https://foodlandbalaklava.com.au//lines/finish-rinse-aid-lem-500ml
Foodland Balaklava,2025-05-04 23:55:54,Finish Ultimate 0% Dishwashing Tablets Regular 46 Pack,N/A,N/A,$49.35,$1.07 Each,https://foodlandbalaklava.com.au//lines/finish-tab-ult-reg-0-46s
Foodland Balaklava,2025-05-04 23:55:54,Five Brothers Bolognese,500g,was $5.25,$4.00,$0.80 per 100g,https://foodlandbalaklava.com.au//lines/five-b-p-sc-bolognese-500gm-2
Foodland Balaklava,2025-05-04 23:55:54,Five Brothers Roasted Galric & Onion Pasta Sauce,500g,was $5.25,$4.00,$0.80 per 100g,https://foodlandbalaklava.com.au//lines/five-b-p-sc-rst-garl-on-500gm-1
Foodland Balaklava,2025-05-04 23:55:54,Fleurieu F/​Frsh Iced Coffee Mlk,2L,was $6.99,$6.95,$3.48 per L,https://foodlandbalaklava.com.au//lines/fleu-f-frsh-iced-coffee-mlk-2lt
Foodland Balaklava,2025-05-04 23:55:54,Fleurieu Jersey Milk Full Cream,2L,N/A,$5.85,$2.92 per L,https://foodlandbalaklava.com.au//lines/fleurieu-jersey-milk-full-cream-2lt
Foodland Balaklava,2025-05-04 23:55:54,Fleurieu Unhomogenised Reduced Fat Milk,2L,N/A,$5.65,$2.82 per L,https://foodlandbalaklava.com.au//lines/fleurieu-un-hom-red-fat-milk-2lt
Foodland Balaklava,2025-05-04 23:55:54,Flora Proactiv Cholesterol Lowering Spread Light,500g,was $10.00,$7.50,$1.50 per 100g,https://foodlandbalaklava.com.au//lines/flora-sprd-pr-activ-lght-500gm-1
Foodland Balaklava,2025-05-04 23:55:54,Flora Proactiv Cholesterol Lowering Spread Original,250g,N/A,$6.05,$2.42 per 100g,https://foodlandbalaklava.com.au//lines/flora-sprd-pr-activ-250gm-1
Foodland Balaklava,2025-05-04 23:55:54,Fluffy Laundry In Wash Scent Booster Beads Wonderland Perfume For Your Wash Laundry Long Lasting Freshness,250g,was $16.80,$13.00,$5.20 per 100g,https://foodlandbalaklava.com.au//lines/fluffy-fab-sft-scnt-bst-250gm
Foodland Balaklava,2025-05-04 23:55:54,"Fluffy Liquid Fabric Softener Conditioner, , Summer Breeze Refill Sachet, Long Lasting Freshness",250mL,was $3.15,$2.80,$11.20 per L,https://foodlandbalaklava.com.au//lines/fluffy-fab-sft-sumr-sacht250ml
Foodland Balaklava,2025-05-04 23:55:54,Flying Goose Sauce Sriracha Mayo,455mL,N/A,$8.95,$1.97 per 100mL,https://foodlandbalaklava.com.au//lines/f-goose-sce-sriracha-455ml
Foodland Balaklava,2025-05-04 23:55:54,Fodd Guru Stainless Steel Skewers 12pk,N/A,N/A,$5.67,N/A,https://foodlandbalaklava.com.au//lines/f-guru-s-s-skewers-12pk
Foodland Balaklava,2025-05-04 23:55:54,Food Guru Bamboo Chopping Board 1pk,N/A,N/A,$11.55,N/A,https://foodlandbalaklava.com.au//lines/f-guru-chopping-bd-bamboo-med
Foodland Balaklava,2025-05-04 23:55:54,Food Guru Cutlery Stainless Steel Fork 4pk,N/A,N/A,$7.35,N/A,https://foodlandbalaklava.com.au//lines/f-guru-cutlery-s-s-fork-4pk
Foodland Balaklava,2025-05-04 23:55:54,Food Guru Egg Rings Non Stick Each,N/A,N/A,$4.62,N/A,https://foodlandbalaklava.com.au//lines/f-guru-rings-egg-non-stick-4pk
Foodland Balaklava,2025-05-04 23:55:54,Food Guru Foil BBQ Tray 4 Pack,N/A,N/A,$5.50,N/A,https://foodlandbalaklava.com.au//lines/f-guru-foil-bbq-trays-4pk
Foodland Balaklava,2025-05-04 23:55:54,Food Guru Jar With Screw Lid,500mL,N/A,$3.47,N/A,https://foodlandbalaklava.com.au//lines/f-guru-jar-with-screwlid-500ml
Foodland Balaklava,2025-05-04 23:55:54,Food Guru Pastry Brush Each,N/A,N/A,$3.15,N/A,https://foodlandbalaklava.com.au//lines/f-guru-brush-pastry-bristle
Foodland Balaklava,2025-05-04 23:55:54,Food Guru Potato Peeler Plastic 4pk,N/A,N/A,$3.15,N/A,https://foodlandbalaklava.com.au//lines/f-guru-plst-potato-peeler-4pk
Foodland Balaklava,2025-05-04 23:55:54,Foster Clark's® Custard,1L,N/A,$6.10,$0.61 per 100mL,https://foodlandbalaklava.com.au//lines/f-clark-custard-vanilla-1lt
Foodland Balaklava,2025-05-04 23:55:54,Foster Clark's® Snak Pack™ Chocolate Flavoured Custard,120g,N/A,$2.00,$0.28 per 100g,https://foodlandbalaklava.com.au//lines/f-clark-snak-pk-choc-120gm
Foodland Balaklava,2025-05-04 23:55:54,Fountain® Hot Chilli Sauce,250mL,N/A,$4.00,$1.60 per 100mL,https://foodlandbalaklava.com.au//lines/fount-sce-chilli-hot-250ml
Foodland Balaklava,2025-05-04 23:55:54,Fountain® Mint Sauce,250mL,N/A,$4.00,$1.60 per 100mL,https://foodlandbalaklava.com.au//lines/fount-sce-mint-250ml
Foodland Balaklava,2025-05-04 23:55:54,Fountain® Soy & Honey Sauce,250mL,N/A,$4.00,$1.60 per 100mL,https://foodlandbalaklava.com.au//lines/fount-sce-soy-honey-250ml
Foodland Balaklava,2025-05-04 23:55:54,Fountain® Soy Sauce,250mL,N/A,$4.00,$1.60 per 100mL,https://foodlandbalaklava.com.au//lines/fount-sce-soy-250ml
Foodland Balaklava,2025-05-04 23:55:54,Fountain® Sweet Chilli Sauce,250mL,N/A,$4.00,$1.60 per 100mL,https://foodlandbalaklava.com.au//lines/fount-sce-chilli-sweet-250ml
Foodland Balaklava,2025-05-04 23:55:54,Four Seasons Personal Lubricant Water Based,100mL,N/A,$6.50,$6.50 per 100mL,https://foodlandbalaklava.com.au//lines/4-season-lube-glw-drk-100ml
Foodland Balaklava,2025-05-04 23:55:54,Four'n Twenty Angus Aussie Beef 4 Pack,N/A,was $12.60,$11.25,$1.61 per 100g,https://foodlandbalaklava.com.au//lines/4-n-20-pie-angus-beef-4s-700gm
Foodland Balaklava,2025-05-04 23:55:54,Fowlers Jamsetta,50g,N/A,$3.15,$6.30 per 100g,https://foodlandbalaklava.com.au//lines/fowlers-jamsetta-50gm
Foodland Balaklava,2025-05-04 23:55:54,Frantelle Australian Still Spring Water Bottle,1.5L,was $1.75,$1.40,$0.93 per L,https://foodlandbalaklava.com.au//lines/frantelle-spr-wtr-natural-1-5l
Foodland Balaklava,2025-05-04 23:55:54,Frito Maasdam Slices,150g,N/A,$5.00,$3.33 per 100g,https://foodlandbalaklava.com.au//lines/frico-chse-maasdam-slce-150g
Foodland Balaklava,2025-05-04 23:55:54,Fronti Red Lambrusco Sparkling Grape Drink Non Alcoholic,750mL,N/A,$5.55,$7.40 per L,https://foodlandbalaklava.com.au//lines/fronti-lambrus-red-n-alc-750ml
Foodland Balaklava,2025-05-04 23:55:54,Fronti White Lambrusco Sparkling Grape Drink Non Alcoholic,750mL,N/A,$5.55,$7.40 per L,https://foodlandbalaklava.com.au//lines/fronti-lambrus-wht-n-alc-750ml
Foodland Balaklava,2025-05-04 23:55:54,Fruit For Life Dried Mango,150g,N/A,$6.30,$42.00 per kg,https://foodlandbalaklava.com.au//lines/ffl-dried-mango-slices-150g
Foodland Balaklava,2025-05-04 23:55:54,Fussy Cat™ Grain Free Adult Cat Chicken & Turkey With Cranberry Dry Food,2.5kg,was $27.85,$23.85,$0.95 per 100g,https://foodlandbalaklava.com.au//lines/fussy-cat-chkn-turkey-2-5kg
Foodland Balaklava,2025-05-04 23:55:54,Fussy Cat™ Grain Free Adult Cat Chicken With Tuna And Salmon Gravy Wet Food,400g,was $2.90,$2.00,$0.50 per 100g,https://foodlandbalaklava.com.au//lines/fussy-cat-mince-chic-tna-400gm
Foodland Balaklava,2025-05-04 23:55:54,Fussy Cat™ Grain Free Twice As Tasty Kitten Wet Food,960g,was $14.20,$11.00,$1.15 per 100g,https://foodlandbalaklava.com.au//lines/fussy-cat-tat-kitten-12x80gm
Foodland Balaklava,2025-05-04 23:55:54,G Fresh Ground Ginger,80g,N/A,$4.20,$0.60 per 10g,https://foodlandbalaklava.com.au//lines/gfresh-ginger-ground-80gm-1
Foodland Balaklava,2025-05-04 23:55:54,G Fresh Sesame Seeds,110g,N/A,$4.20,$3.82 per 100g,https://foodlandbalaklava.com.au//lines/gfresh-sesame-seeds-110gm
Foodland Balaklava,2025-05-04 23:55:54,G-Fresh Ground Cumin,60g,N/A,$4.20,$0.70 per 10g,https://foodlandbalaklava.com.au//lines/gfresh-cumin-ground-60g
Foodland Balaklava,2025-05-04 23:55:55,G-Fresh Paprika Smokey,90g,N/A,$4.20,$0.47 per 10g,https://foodlandbalaklava.com.au//lines/gfresh-paprika-smokey-100gm-1
Foodland Balaklava,2025-05-04 23:55:55,G/​North I/​Crm Vanilla,2L,N/A,$10.50,$0.52 per 100mL,https://foodlandbalaklava.com.au//lines/g-north-i-crm-vanilla-2l-1
Foodland Balaklava,2025-05-04 23:55:55,G/​North Sorbet Mango,1.2L,was $10.30,$8.95,$0.75 per 100mL,https://foodlandbalaklava.com.au//lines/g-north-sorbet-mango-1-2l
Foodland Balaklava,2025-05-04 23:55:55,G/​North Sorbet Raspberry,1.2L,was $10.30,$8.95,$0.75 per 100mL,https://foodlandbalaklava.com.au//lines/g-north-sorbet-raspberry-1-2l
Foodland Balaklava,2025-05-04 23:55:55,Garnier Bb Cream All-In-One Perfector Classic Light Spf 15,50mL,N/A,$17.00,$34.00 per 100mL,https://foodlandbalaklava.com.au//lines/garn-bb-crm-classic-light-50ml
Foodland Balaklava,2025-05-04 23:55:55,Garnier Fructis Full & Luscious Conditioner For Thicker Hair,315mL,N/A,$8.40,$2.67 per 100mL,https://foodlandbalaklava.com.au//lines/fructis-cond-full-lusc-315ml
Foodland Balaklava,2025-05-04 23:55:55,Garnier Fructis Full & Luscious Shampoo For Fine Hair,315mL,N/A,$8.40,$2.67 per 100mL,https://foodlandbalaklava.com.au//lines/fructis-s-poo-full-lusc-315ml
Foodland Balaklava,2025-05-04 23:55:55,Garnier Fructis Hair Food Repairing Papaya Multi Use Treatment For Damaged Hair,390mL,was $15.75,$10.30,$2.64 per 100mL,https://foodlandbalaklava.com.au//lines/fructis-hair-fd-papaya-390ml
Foodland Balaklava,2025-05-04 23:55:55,Gatorade Sports Drinks Lemon Lime Electrolyte Hydration Bottle,1L,was $4.75,$4.00,$4.00 per L,https://foodlandbalaklava.com.au//lines/gatorade-lemon-lime-1l
Foodland Balaklava,2025-05-04 23:55:55,Gatorade Sports Drinks Orange Ice Electrolyte Hydration Bottle,1L,was $4.75,$4.00,$4.00 per L,https://foodlandbalaklava.com.au//lines/gatorade-orange-ice-1l
Foodland Balaklava,2025-05-04 23:55:55,Gawler South Bakery Apple Square,180g,N/A,$5.00,$2.78 per 100g,https://foodlandbalaklava.com.au//lines/gsb-apple-square-180g
Foodland Balaklava,2025-05-04 23:55:55,Gawler South Bakery Apricot Turnover,230g,N/A,$4.80,$2.09 per 100g,https://foodlandbalaklava.com.au//lines/gsb-apricot-turnover-230g
Foodland Balaklava,2025-05-04 23:55:55,Gawler South Bakery German Apple Cake,550g,N/A,$6.99,$1.27 per 100g,https://foodlandbalaklava.com.au//lines/gsb-german-apple-cake-550g
Foodland Balaklava,2025-05-04 23:55:55,Gawler South Bakery Torpedo Bun,480g,N/A,$5.79,$1.21 per 100g,https://foodlandbalaklava.com.au//lines/gsb-torpedo-bun-480g
Foodland Balaklava,2025-05-04 23:55:55,George Weston Foods Yumi's Roasted Beetroot Dip Dairy & Gluten Free,200g,N/A,$4.00,$2.00 per 100g,https://foodlandbalaklava.com.au//lines/yumi-s-beetroot-dip-200g
Foodland Balaklava,2025-05-04 23:55:55,Gf Cajun Seasoning,100g,N/A,$4.20,$0.47 per 10g,https://foodlandbalaklava.com.au//lines/gfresh-cajun-seasoning-100gm
Foodland Balaklava,2025-05-04 23:55:55,Gfresh Alseason,140g,N/A,$4.20,$0.47 per 10g,https://foodlandbalaklava.com.au//lines/gfresh-alseason-140gm
Foodland Balaklava,2025-05-04 23:55:55,Gfresh Cracked Pepper,90g,N/A,$4.20,$0.47 per 10g,https://foodlandbalaklava.com.au//lines/gfresh-craked-black-pepper90gm
Foodland Balaklava,2025-05-04 23:55:55,Gfresh Italian Herbs,40g,N/A,$4.20,$0.47 per 10g,https://foodlandbalaklava.com.au//lines/gfresh-italian-herbs-40gm
Foodland Balaklava,2025-05-04 23:55:55,Gfresh Lem Pepp G/​Msg Fr,100g,N/A,$4.20,$0.47 per 10g,https://foodlandbalaklava.com.au//lines/gfresh-lem-pepp-g-msg-fr-100gm
Foodland Balaklava,2025-05-04 23:55:55,Gfresh Nutmeg Ground,90g,N/A,$4.20,$0.52 per 10g,https://foodlandbalaklava.com.au//lines/gfresh-nutmeg-ground-90gm
Foodland Balaklava,2025-05-04 23:55:55,Gfresh Onion Powder,100g,N/A,$4.20,$0.47 per 10g,https://foodlandbalaklava.com.au//lines/gfresh-onion-powder-100gm
Foodland Balaklava,2025-05-04 23:55:55,Gfresh Oregano Leaves,25g,N/A,$4.20,$0.47 per 10g,https://foodlandbalaklava.com.au//lines/gfresh-oregano-leaves-25gm
Foodland Balaklava,2025-05-04 23:55:55,Gfresh Paprika Hungarian Sweet,90g,N/A,$4.20,$0.47 per 10g,https://foodlandbalaklava.com.au//lines/gfresh-paprika-hungarian-sw-90gm
Foodland Balaklava,2025-05-04 23:55:55,Gfresh Pizza Seasoning,40g,N/A,$4.20,$0.47 per 10g,https://foodlandbalaklava.com.au//lines/gfresh-pizza-seasoning-40gm
Foodland Balaklava,2025-05-04 23:55:55,Gfresh Star Anise,30g,N/A,$4.20,$0.47 per 10g,https://foodlandbalaklava.com.au//lines/gfresh-star-anise-whle-30gm
Foodland Balaklava,2025-05-04 23:55:55,Gfresh Thyme Leaves,40g,N/A,$4.20,$0.47 per 10g,https://foodlandbalaklava.com.au//lines/gfresh-thyme-leaves-40gm
Foodland Balaklava,2025-05-04 23:55:55,Gfresh Whole Black Pepper,100g,N/A,$4.20,$0.47 per 10g,https://foodlandbalaklava.com.au//lines/gfresh-pepper-black-whole100gm
Foodland Balaklava,2025-05-04 23:55:55,"Gillette Solo3 Men's Razor 1 Handle + 10 Razor Blades/​Refills, Shave Care",N/A,N/A,$18.80,$1.88 Each,https://foodlandbalaklava.com.au//lines/gill-solo3-hndl-blades-10s
Foodland Balaklava,2025-05-04 23:55:55,Gillette Venus Comfortglide White Tea Scent Razor With Gel Bars Women's Razor Handle + 2 Blade Refills,N/A,N/A,$18.40,N/A,https://foodlandbalaklava.com.au//lines/gill-venus-cmftgld-tea-2up-1s
Foodland Balaklava,2025-05-04 23:55:55,Gillette Venus Satin Care Sensitive Skin Shaving Gel,195g,N/A,$8.40,$4.31 per 100g,https://foodlandbalaklava.com.au//lines/gill-sat-cre-s-gel-sens-195gm
Foodland Balaklava,2025-05-04 23:55:55,"Gillette Venus Sensitive Womens Disposable Razors, 3 Pack",N/A,N/A,$11.55,$3.85 Each,https://foodlandbalaklava.com.au//lines/gill-venus-disp-sensitive-3pk
Foodland Balaklava,2025-05-04 23:55:55,Gippsland Ygt Ckie&​Crm,140g,N/A,$4.05,$2.89 per 100g,https://foodlandbalaklava.com.au//lines/gippsland-mix-ins-cookies-cream-140g
Foodland Balaklava,2025-05-04 23:55:55,Glad Bake & Cooking Paper,10m,N/A,$4.00,$0.04 per cm,https://foodlandbalaklava.com.au//lines/glad-bake-cook-paper-10m
Foodland Balaklava,2025-05-04 23:55:55,Glad Council Bin Liners Lge 8pk 8pk,N/A,N/A,$4.80,$0.60 Each,https://foodlandbalaklava.com.au//lines/glad-liners-council-bin-8s
Foodland Balaklava,2025-05-04 23:55:55,Glad Foil 10 Metres X 30cm 30cm,N/A,N/A,$3.15,$0.32 per cm,https://foodlandbalaklava.com.au//lines/glad-foil-30cmx10m
Foodland Balaklava,2025-05-04 23:55:55,Glad Forceflex Garbage Bag Each,5 x 56L,N/A,$3.70,$74.00 Units100,https://foodlandbalaklava.com.au//lines/glad-garb-bag-force-flex-5s
Foodland Balaklava,2025-05-04 23:55:55,Glad Freezer Go Between,15m,N/A,$4.47,$0.03 per cm,https://foodlandbalaklava.com.au//lines/glad-freezer-go-between-15m
Foodland Balaklava,2025-05-04 23:55:55,Glad Roast Pan 1pk,N/A,N/A,$5.25,N/A,https://foodlandbalaklava.com.au//lines/glad-roaster-pan-314x214x70
Foodland Balaklava,2025-05-04 23:55:55,Glad Snap Lock Sandwich Bags Large 30pk 30pk,N/A,N/A,$3.70,$0.12 Each,https://foodlandbalaklava.com.au//lines/glad-bag-s-lock-s-wich-lge-30s
Foodland Balaklava,2025-05-04 23:55:55,Glad Snaplock Large Storage Resealable Bags 10pk 10pk,N/A,N/A,$3.70,$0.37 Each,https://foodlandbalaklava.com.au//lines/glad-bag-s-lock-storage-lg10pk
Foodland Balaklava,2025-05-04 23:55:55,Glad Snaplock Snack Resealable Bags 20pk 20pk,N/A,N/A,$1.85,$0.09 Each,https://foodlandbalaklava.com.au//lines/glad-fd-store-bag-mn-snap-20s
Foodland Balaklava,2025-05-04 23:55:55,Glad Tuckaways Foil Trays With Lids Bulk 2 Pack,N/A,N/A,$5.00,$2.50 Each,https://foodlandbalaklava.com.au//lines/glad-tuckaways-foil-trays-2s
Foodland Balaklava,2025-05-04 23:55:55,Glad Tuckaways Foil Trays With Lids Medium 4 Pack,N/A,N/A,$5.00,$1.25 Each,https://foodlandbalaklava.com.au//lines/glad-tuckaways-foil-trays-4s
Foodland Balaklava,2025-05-04 23:55:55,Glad Wavetop Tie Fresh Scent Garbage Bags Yellow Medium 34pk 34pk,N/A,was $4.60,$3.95,$0.12 Each,https://foodlandbalaklava.com.au//lines/glad-k-tidy-bag-wtop-col-md34s
Foodland Balaklava,2025-05-04 23:55:55,Glad Wavetop Tie Garbage Bags Large 20pk 20pk,N/A,was $5.80,$5.00,$0.25 Each,https://foodlandbalaklava.com.au//lines/glad-bag-w-top-te-20pk
Foodland Balaklava,2025-05-04 23:55:55,Glad Wavetop Tie Tidy Bags Medium,40 x 27L,was $4.45,$3.90,$0.08 Each,https://foodlandbalaklava.com.au//lines/glad-k-tidy-bag-wtop-small-50s
Foodland Balaklava,2025-05-04 23:55:55,Glad Wrap 60 Metres X 33cm 33cm,N/A,N/A,$5.25,$0.09 per cm,https://foodlandbalaklava.com.au//lines/glad-wrap-33cmx60m
Foodland Balaklava,2025-05-04 23:55:57,Glen 20 Spray Disinfectant All-In-One Citrus Breeze,300g,was $10.00,$6.65,$2.22 per 100g,https://foodlandbalaklava.com.au//lines/glen-20-cit-brze-300gm
Foodland Balaklava,2025-05-04 23:55:57,Global Seafoods Beer Battered New Zealand Blue Whiting,500g,N/A,$10.50,$21.00 per kg,https://foodlandbalaklava.com.au//lines/global-whtng-b-battered-500gm
Foodland Balaklava,2025-05-04 23:55:57,Global Seafoods Cocktail Prawns Prawn Ring,255g,N/A,$13.65,$53.53 per kg,https://foodlandbalaklava.com.au//lines/global-prawn-ring-255gm
Foodland Balaklava,2025-05-04 23:55:57,Global Seafoods Raw Prawns,500g,N/A,$22.05,$44.10 per kg,https://foodlandbalaklava.com.au//lines/prawn-meat-raw-41-60-500gm
Foodland Balaklava,2025-05-04 23:55:57,Global Seafoods Squid Tubes,500g,N/A,$12.60,$25.20 per kg,https://foodlandbalaklava.com.au//lines/squid-tubes-500gm
Foodland Balaklava,2025-05-04 23:55:57,Go Well Wrap Lower Carbohydrate,400g,N/A,$5.99,$1.50 per 100g,https://foodlandbalaklava.com.au//lines/gowell-wrap-lower-carb-400gm
Foodland Balaklava,2025-05-04 23:55:57,Golden Circle® Apple Juice No Added Sugar,6 x 200mL,was $6.85,$4.70,$3.92 per L,https://foodlandbalaklava.com.au//lines/g-circ-jce-apple-6x200ml
Foodland Balaklava,2025-05-04 23:55:57,Golden Circle® Apple Raspberry Cordial,2L,was $5.80,$4.50,$2.25 per L,https://foodlandbalaklava.com.au//lines/g-circ-cord-apl-rasp-2l
Foodland Balaklava,2025-05-04 23:55:57,Golden Circle® Apple Splash Fruit Drink,1L,N/A,$2.85,$2.85 per L,https://foodlandbalaklava.com.au//lines/g-circ-drk-apple-1l
Foodland Balaklava,2025-05-04 23:55:57,Golden Circle® Australian Crushed Pineapple In Syrup,450g,was $4.60,$3.70,$8.22 per kg,https://foodlandbalaklava.com.au//lines/g-circ-pine-crushed-450gm
Foodland Balaklava,2025-05-04 23:55:57,Golden Circle® Lime Cordial,2L,was $5.80,$4.50,$2.25 per L,https://foodlandbalaklava.com.au//lines/g-circ-cord-lime-crsh-2l
Foodland Balaklava,2025-05-04 23:55:57,Golden Circle® Orange Mango Juice,2L,N/A,$6.85,$3.42 per L,https://foodlandbalaklava.com.au//lines/g-circ-jce-orng-mngo-pet-2l
Foodland Balaklava,2025-05-04 23:55:57,Golden Circle® Pine Mango Fruit Drink,1L,N/A,$2.85,$2.85 per L,https://foodlandbalaklava.com.au//lines/g-circ-drk-pine-mango-1l
Foodland Balaklava,2025-05-04 23:55:57,Golden Circle® Pine Orange Fruit Drink,1L,N/A,$2.85,$2.85 per L,https://foodlandbalaklava.com.au//lines/g-circ-drk-pine-orange-1l
Foodland Balaklava,2025-05-04 23:55:57,Golden Circle® Pineapple Juice,2L,N/A,$7.35,$3.68 per L,https://foodlandbalaklava.com.au//lines/g-circ-jce-pine-u-s-pet-2l
Foodland Balaklava,2025-05-04 23:55:57,Golden Circle® Summer Berries Fruit Drink,6 x 250mL,was $5.10,$4.50,$3.00 per L,https://foodlandbalaklava.com.au//lines/g-circ-drk-summer-bry-6x250ml
Foodland Balaklava,2025-05-04 23:55:57,Golden Days Mini Sesame Snaps,200g,N/A,$5.80,$2.90 per 100g,https://foodlandbalaklava.com.au//lines/gd-mini-sesame-snaps-200gm
Foodland Balaklava,2025-05-04 23:55:57,Golden Gaytime Streets Ice Cream Birthday Cake With Multicolor Biscuit Crumbs Mp4,400mL,was $10.50,$9.10,$2.28 per 100mL,https://foodlandbalaklava.com.au//lines/str-m-p-gldn-g-t-bday-cake-4s
Foodland Balaklava,2025-05-04 23:55:57,Golden North Giant Twins Salted Caramel Ice Cream,N/A,was $10.00,$8.65,$1.15 per 100mL,https://foodlandbalaklava.com.au//lines/g-north-m-p-twn-slt-crm5x150ml
Foodland Balaklava,2025-05-04 23:55:57,Golden North Honey 2,N/A,N/A,$10.50,$0.52 per 100mL,https://foodlandbalaklava.com.au//lines/g-north-i-crm-honey-2l
Foodland Balaklava,2025-05-04 23:55:57,Goodness Me Really Fruity Nuggets,120g,was $6.30,$5.45,$4.54 per 100g,https://foodlandbalaklava.com.au//lines/g-ness-me-frt-nug-rsp-bbr120gm
Foodland Balaklava,2025-05-04 23:55:57,Gorilla Tape To Go Blk25.​4x9mm,N/A,N/A,$10.90,N/A,https://foodlandbalaklava.com.au//lines/gorilla-tape-to-go-blk25-4x9mm-1
Foodland Balaklava,2025-05-04 23:55:57,Goulburn Valley Apricot Halves In Juice,700g,N/A,$5.25,$7.50 per kg,https://foodlandbalaklava.com.au//lines/g-val-apricot-halves-700gm
Foodland Balaklava,2025-05-04 23:55:57,Goulburn Valley Two Fruits In Juice,700g,N/A,$5.25,$7.50 per kg,https://foodlandbalaklava.com.au//lines/g-val-two-fruits-diced-700gm
Foodland Balaklava,2025-05-04 23:55:57,Gourmet Delight Tuna Flakes With Chicken Breast,85g,was $1.30,$1.05,$1.24 per 100g,https://foodlandbalaklava.com.au//lines/s-tom-g-d-tuna-chicken-85gm
Foodland Balaklava,2025-05-04 23:55:57,Gourmet Delight Whitemeat Tuna & Crab,85g,was $1.30,$1.05,$1.24 per 100g,https://foodlandbalaklava.com.au//lines/s-tom-g-d-w-mt-tuna-crab-85gm
Foodland Balaklava,2025-05-04 23:55:57,Gourmet Delight Whitemeat Tuna With Chicken Breast,85g,was $1.30,$1.05,$1.24 per 100g,https://foodlandbalaklava.com.au//lines/s-tom-g-d-w-mt-tun-chk-85gm
Foodland Balaklava,2025-05-04 23:55:57,Gourmet Delight Whitemeat Tuna With Flaked Salmon,85g,was $1.30,$1.05,$1.24 per 100g,https://foodlandbalaklava.com.au//lines/s-tom-g-d-w-mt-tna-slm-flk85gm
Foodland Balaklava,2025-05-04 23:55:57,Gourmet Garden Ginger Paste,80g,N/A,$4.70,$5.88 per 100g,https://foodlandbalaklava.com.au//lines/gourmet-ginger-80g
Foodland Balaklava,2025-05-04 23:55:57,Gourmet Garden Lemongrass Paste,80g,N/A,$4.70,N/A,https://foodlandbalaklava.com.au//lines/gourmet-lemongrass-80g
Foodland Balaklava,2025-05-04 23:55:57,Gravox® Chip Gravy,165g,was $3.70,$2.80,$1.70 per 100g,https://foodlandbalaklava.com.au//lines/gravox-grvy-lqd-o-bst-chip165g
Foodland Balaklava,2025-05-04 23:55:57,Gravox® Diane Sauce,165g,was $3.70,$2.80,$1.70 per 100g,https://foodlandbalaklava.com.au//lines/gravox-sce-lqd-diane-165gm
Foodland Balaklava,2025-05-04 23:55:57,Gravox® Fuller Flavour Gravy Mix,425g,was $6.30,$6.00,$0.14 per 10g,https://foodlandbalaklava.com.au//lines/gravox-pdr-grvy-ful-flav-425gm
Foodland Balaklava,2025-05-04 23:55:57,Gravox® Pepper Steak Sauce,165g,was $3.70,$2.80,$1.70 per 100g,https://foodlandbalaklava.com.au//lines/gravox-sce-lqd-pep-steak-165gm
Foodland Balaklava,2025-05-04 23:55:57,Gravox® Roast Chicken With Herbs Liquid Gravy Pouch,165g,was $3.70,$2.80,$1.70 per 100g,https://foodlandbalaklava.com.au//lines/gravox-grvy-lqd-chk-herb-165gm
Foodland Balaklava,2025-05-04 23:55:57,Gravox® Schnitzel Liquid Gravy Pouch,165g,was $3.70,$2.80,$1.70 per 100g,https://foodlandbalaklava.com.au//lines/gravox-grvy-lqd-schnitzel165gm
Foodland Balaklava,2025-05-04 23:55:57,Gravox® Supreme Roast Meat Gravy Mix,29g,was $1.60,$0.75,$0.26 per 10g,https://foodlandbalaklava.com.au//lines/gravox-grvy-sac-rst-meat-29gm
Foodland Balaklava,2025-05-04 23:55:57,Gravox® Traditional Gravy Mix,425g,was $6.30,$6.00,$0.14 per 10g,https://foodlandbalaklava.com.au//lines/gravox-gravy-pdr-trad-425gm
Foodland Balaklava,2025-05-04 23:55:57,Gravox® White With Parsley Sauce,165g,was $3.70,$2.80,$1.70 per 100g,https://foodlandbalaklava.com.au//lines/gravox-sce-lqd-parsly-wht165gm
Foodland Balaklava,2025-05-04 23:55:57,Great Northern Zero Great Northern Brewing Co Non Alcoholic Beer Cans Multipack,6 x 375mL,was $14.40,$11.55,$5.13 per L,https://foodlandbalaklava.com.au//lines/grt-nth-zero-can-6-375ml
Foodland Balaklava,2025-05-04 23:55:57,Green Cayenne Chillis,50g,N/A,$4.50,$90.00 per kg,https://foodlandbalaklava.com.au//lines/chilli-green-long-50gm
Foodland Balaklava,2025-05-04 23:55:57,Green's Butterscotch Self Saucing Pudding,N/A,N/A,$3.95,$1.52 per 100g,https://foodlandbalaklava.com.au//lines/greens-sponge-pudd-b-scot260gm
Foodland Balaklava,2025-05-04 23:55:57,Green's Pancake Shake Maple,325g,N/A,$3.70,$1.14 per 100g,https://foodlandbalaklava.com.au//lines/greens-p-cake-shkr-maple-325gm
Foodland Balaklava,2025-05-04 23:55:57,Green's Pancake Shake Original,200g,was $2.55,$2.20,$1.10 per 100g,https://foodlandbalaklava.com.au//lines/greens-p-cake-shaker-200gm
Foodland Balaklava,2025-05-04 23:55:57,Green's Temptations Chocolate Mousse,185g,N/A,$5.80,$3.14 per 100g,https://foodlandbalaklava.com.au//lines/greens-mse-mix-tmpt-choc-185gm
Foodland Balaklava,2025-05-04 23:55:57,Green's Traditional Classic Carrot Cake Mix,470g,N/A,$4.00,$0.85 per 100g,https://foodlandbalaklava.com.au//lines/greens-c-mix-trd-carrot-470gm
Foodland Balaklava,2025-05-04 23:55:57,Green's Traditional Moist Date Loaf,415g,N/A,$4.00,$0.96 per 100g,https://foodlandbalaklava.com.au//lines/greens-c-mix-date-loaf-415gm
Foodland Balaklava,2025-05-04 23:55:57,Greenseas® Sandwich Tuna Flakes,95g,was $2.77,$1.30,$13.68 per kg,https://foodlandbalaklava.com.au//lines/greenseas-tuna-sandwich-95gm
Foodland Balaklava,2025-05-04 23:55:58,Grill Society Tennessee Original BBQ Sauce,300g,was $5.25,$3.90,$1.39 per 100g,https://foodlandbalaklava.com.au//lines/grill-soc-sce-bbq-tennese280gm
Foodland Balaklava,2025-05-04 23:55:58,Grinders Coff Grd Crema,200g,was $12.60,$11.75,$5.88 per 100g,https://foodlandbalaklava.com.au//lines/grinders-coff-grd-crema-200g
Foodland Balaklava,2025-05-04 23:55:58,Gsb French Stick Large,N/A,N/A,$6.00,N/A,https://foodlandbalaklava.com.au//lines/gsb-french-stick-large
Foodland Balaklava,2025-05-04 23:55:58,Hahndorf Mettwurst Garlic,500g,N/A,$15.00,N/A,https://foodlandbalaklava.com.au//lines/h-dorf-m-wrst-garlic-500gm
Foodland Balaklava,2025-05-04 23:55:58,Hakubaku Organic Soba,90g,N/A,$4.20,$1.56 per 100g,https://foodlandbalaklava.com.au//lines/hakubaku-soba-organic-270gm
Foodland Balaklava,2025-05-04 23:55:58,Hakubaku Udon Organic Noodle,270g,N/A,$4.20,$1.56 per 100g,https://foodlandbalaklava.com.au//lines/hakubaku-udon-organic-270gm
Foodland Balaklava,2025-05-04 23:55:58,Ham Berkshire,N/A,N/A,$30.00,N/A,https://foodlandbalaklava.com.au//lines/ham-berkshire-1
Foodland Balaklava,2025-05-04 23:55:58,Ham Classic Virginian,N/A,N/A,$20.00,N/A,https://foodlandbalaklava.com.au//lines/ham-classic-virginian
Foodland Balaklava,2025-05-04 23:55:58,Ham Steaks,N/A,N/A,$16.99,N/A,https://foodlandbalaklava.com.au//lines/ham-steaks-1
Foodland Balaklava,2025-05-04 23:55:58,Hamper® Corned Beef Original,340g,N/A,$8.60,$25.29 per kg,https://foodlandbalaklava.com.au//lines/hamper-corned-beef-340gm
Foodland Balaklava,2025-05-04 23:55:58,Hans Strassburg,375g,N/A,$6.50,$17.33 per kg,https://foodlandbalaklava.com.au//lines/hans-strassburg-375gm
Foodland Balaklava,2025-05-04 23:55:58,Happy Muffin Co Blueberry 1pk,N/A,N/A,$2.00,$1.67 per 100g,https://foodlandbalaklava.com.au//lines/h-muf-muffn-sngl-blubry-1pk
Foodland Balaklava,2025-05-04 23:55:58,Happy Muffin Co Blueberry 8pk,N/A,N/A,$5.45,$1.70 per 100g,https://foodlandbalaklava.com.au//lines/happy-muffin-co-mini-blueberry-8pk
Foodland Balaklava,2025-05-04 23:55:58,Harpic Fresh Power Liquid Toilet Cleaner Marine Splash,700mL,was $7.35,$3.50,$0.50 per 100mL,https://foodlandbalaklava.com.au//lines/harpic-f-pwr-marin-splsh-700ml
Foodland Balaklava,2025-05-04 23:55:58,Harpic Fresh Power Liquid Toilet Cleaner Sparkling Citrus,700mL,was $7.35,$3.50,$0.50 per 100mL,https://foodlandbalaklava.com.au//lines/harpic-f-pwr-sumr-breeze-700ml
Foodland Balaklava,2025-05-04 23:55:58,Harpic Fresh Power Liquid Toilet Cleaner Tropical Blossom,700mL,was $7.35,$3.50,$0.50 per 100mL,https://foodlandbalaklava.com.au//lines/harpic-f-pwr-trop-blsm-700ml
Foodland Balaklava,2025-05-04 23:55:58,Harpic Fresh Power Toilet Cleaning Tabs - Original,N/A,was $14.70,$7.20,$1.20 Each,https://foodlandbalaklava.com.au//lines/harpic-tlt-clnr-tab-orig-6pk
Foodland Balaklava,2025-05-04 23:55:58,Harpic Oxi Action Heavy Duty Bleach Toilet Cleaner,750g,was $8.40,$7.20,$0.96 per 100g,https://foodlandbalaklava.com.au//lines/harpic-blch-crys-oxy-actn750gm
Foodland Balaklava,2025-05-04 23:55:58,Harris Strong Ground Coffee,1kg,was $33.60,$24.70,$2.47 per 100g,https://foodlandbalaklava.com.au//lines/harris-coff-grd-strong-1kg
Foodland Balaklava,2025-05-04 23:55:58,Harvest Mild Curry,425g,was $5.25,$4.90,$1.15 per 100g,https://foodlandbalaklava.com.au//lines/harvest-mild-curry-425gm
Foodland Balaklava,2025-05-04 23:55:58,Harvest Veg & Steak,425g,was $5.25,$4.90,$1.15 per 100g,https://foodlandbalaklava.com.au//lines/harvest-veg-steak-425gm
Foodland Balaklava,2025-05-04 23:55:58,Head & Shoulders Head And Shoulders 2in1 Shampoo & Conditioner Anti Dandruff Clean & Balanced,350mL,N/A,$15.75,$4.50 per 100mL,https://foodlandbalaklava.com.au//lines/head-shldr-2in1-cln-bal-350ml
Foodland Balaklava,2025-05-04 23:55:58,Head & Shoulders Head And Shoulders Conditioner Anti Dandruff Dry Scalp Care,400mL,N/A,$15.75,$3.94 per 100mL,https://foodlandbalaklava.com.au//lines/head-shldr-cond-dry-sclp-400ml
Foodland Balaklava,2025-05-04 23:55:58,Head & Shoulders Head And Shoulders Shampoo Anti Dandruff Itchy Scalp Care,660mL,N/A,$21.00,$3.18 per 100mL,https://foodlandbalaklava.com.au//lines/head-shldr-s-poo-itch-sc-660ml
Foodland Balaklava,2025-05-04 23:55:58,Heinz Beanz® And Sausages,420g,N/A,$3.50,$0.83 per 100g,https://foodlandbalaklava.com.au//lines/hnz-beans-sausages-420gm
Foodland Balaklava,2025-05-04 23:55:58,Heinz Beanz® Baked Beans In Tomato Sauce,220g,N/A,$2.10,$0.95 per 100g,https://foodlandbalaklava.com.au//lines/hnz-baked-beans-tom-sce-220gm
Foodland Balaklava,2025-05-04 23:55:58,Heinz Beanz® English Recipe,300g,was $3.05,$1.75,$0.58 per 100g,https://foodlandbalaklava.com.au//lines/hnz-baked-beans-english-300gm
Foodland Balaklava,2025-05-04 23:55:58,Heinz Beanz® Taco Flavour,300g,was $3.05,$1.75,$0.58 per 100g,https://foodlandbalaklava.com.au//lines/hnz-baked-beans-taco-300g
Foodland Balaklava,2025-05-04 23:55:58,Heinz Beanz® The One For All In BBQ Sauce,555g,was $3.80,$2.90,$0.52 per 100g,https://foodlandbalaklava.com.au//lines/hnz-baked-beans-bbq-sce-555gm
Foodland Balaklava,2025-05-04 23:55:58,Heinz Beanz® The One For One Salt Reduced,220g,N/A,$2.10,$0.95 per 100g,https://foodlandbalaklava.com.au//lines/hnz-baked-beans-s-r-r-top220gm
Foodland Balaklava,2025-05-04 23:55:58,Heinz Beanz® The One For Two Baked Beans In Tomato Sauce,300g,was $3.05,$1.75,$0.58 per 100g,https://foodlandbalaklava.com.au//lines/hnz-baked-beans-tomato-300gm
Foodland Balaklava,2025-05-04 23:55:58,Heinz Beanz® The One For Two No Added Sugar Value Pack,3 x 300g,N/A,$7.00,$0.78 per 100g,https://foodlandbalaklava.com.au//lines/hnz-baked-beans-nas-3x300gm
Foodland Balaklava,2025-05-04 23:55:58,Heinz Soup Of The Day® Creamy Potato & Leek Soup,430g,was $4.75,$4.15,$0.97 per 100g,https://foodlandbalaklava.com.au//lines/hnz-soup-sotd-pot-leek-430gm
Foodland Balaklava,2025-05-04 23:55:58,Heinz Soup Of The Day™ Thai Style Chicken With Chilli & Lime Soup,430g,was $4.75,$4.15,$0.97 per 100g,https://foodlandbalaklava.com.au//lines/hnz-soup-sotd-thai-chickn430gm
Foodland Balaklava,2025-05-04 23:55:58,Heinz® American Mustard,220mL,was $4.00,$3.40,$1.55 per 100mL,https://foodlandbalaklava.com.au//lines/hnz-sce-american-mustard-220ml
Foodland Balaklava,2025-05-04 23:55:58,Heinz® Baked Beans In Tomato Sauce Value Pack,4 x 130g,N/A,$6.00,$1.15 per 100g,https://foodlandbalaklava.com.au//lines/hnz-baked-beans-mp4-4x130gm
Foodland Balaklava,2025-05-04 23:55:58,Heinz® Beef & Vegetable Casserole Baby Food Jar 8+ Months,170g,was $2.40,$1.60,$0.94 per 100g,https://foodlandbalaklava.com.au//lines/hnz-bk-veg-casserole8mth-170gm
Foodland Balaklava,2025-05-04 23:55:58,Heinz® Big'n Chunky Peppered Steak Soup,535g,was $4.60,$2.20,$0.41 per 100g,https://foodlandbalaklava.com.au//lines/hnz-soup-chky-pepper-stk-535gm
Foodland Balaklava,2025-05-04 23:55:58,Heinz® Big'n Chunky Steak & Mushroom Soup,535g,was $4.60,$2.20,$0.41 per 100g,https://foodlandbalaklava.com.au//lines/hnz-soup-chky-stk-mushrm-535gm
Foodland Balaklava,2025-05-04 23:55:58,Heinz® Classic Chicken & Sweetcorn Soup,535g,was $4.60,$2.20,$0.41 per 100g,https://foodlandbalaklava.com.au//lines/hnz-soup-cls-chkn-corn-535gm
Foodland Balaklava,2025-05-04 23:55:58,Heinz® Classic Creamy Chicken & Mushroom Soup,520g,was $4.60,$2.20,$0.42 per 100g,https://foodlandbalaklava.com.au//lines/hnz-soup-cls-crmy-chk-msh520gm
Foodland Balaklava,2025-05-04 23:55:58,Heinz® Creating Food Explorers Apple & Oatmeal Baby Food Jar 6+ Months,170g,was $2.40,$1.60,$0.94 per 100g,https://foodlandbalaklava.com.au//lines/hnz-apple-oatmeal-170gm
Foodland Balaklava,2025-05-04 23:55:58,Heinz® Little Kids Chickpea Puffs With Pumpkin & Beetroot Flavours,12g,N/A,$2.20,$18.33 per 100g,https://foodlandbalaklava.com.au//lines/hnz-l-k-c-pea-puf-pum-beet12gm
Foodland Balaklava,2025-05-04 23:55:58,Heinz® Little Kids® Chocolate Custard,120g,N/A,$1.60,$1.33 per 100g,https://foodlandbalaklava.com.au//lines/hnz-l-k-cust-choc-snack-120gm
Foodland Balaklava,2025-05-04 23:55:58,Heinz® Little Treats Vanilla Custard 6+ Months,120g,N/A,$1.60,$1.33 per 100g,https://foodlandbalaklava.com.au//lines/hnz-simply-van-custard-120gm
Foodland Balaklava,2025-05-04 23:55:58,Heinz® Oop's® Pasta In Tomato Sauce,220g,N/A,$2.20,$1.00 per 100g,https://foodlandbalaklava.com.au//lines/hnz-spaghetti-oops-tom-220gm
Foodland Balaklava,2025-05-04 23:55:58,Heinz® Salad Cream,250g,was $4.20,$3.50,$1.40 per 100g,https://foodlandbalaklava.com.au//lines/hnz-salad-cream-eng-styl-250gm
Foodland Balaklava,2025-05-04 23:55:58,Heinz® Spaghetti And Meatballs,420g,N/A,$3.50,$0.83 per 100g,https://foodlandbalaklava.com.au//lines/hnz-spaghetti-meatball-420gm
Foodland Balaklava,2025-05-04 23:55:59,Heinz® Spaghetti And Sausages,420g,N/A,$3.50,$0.83 per 100g,https://foodlandbalaklava.com.au//lines/hnz-spaghetti-sausages-420gm
Foodland Balaklava,2025-05-04 23:55:59,Heinz® Spaghetti The One For One 3 Pack,3 x 220g,N/A,$5.20,$0.79 per 100g,https://foodlandbalaklava.com.au//lines/hnz-spaghetti-tom-sce-3x220gm
Foodland Balaklava,2025-05-04 23:55:59,Heinz® Spaghetti The One For Two 3 Pack,3 x 300g,N/A,$7.00,$0.78 per 100g,https://foodlandbalaklava.com.au//lines/hnz-spaghetti-tom-chse-3x300gm
Foodland Balaklava,2025-05-04 23:55:59,Heinz® [​Seriously] Good® Cheesy Garlic Bread Aioli,295mL,was $5.80,$5.20,$1.76 per 100mL,https://foodlandbalaklava.com.au//lines/hnz-aioli-sg-chsy-gar-brd295ml
Foodland Balaklava,2025-05-04 23:55:59,Heinz® [​Seriously] Good® Zesty Lime & Herb Mayonnaise,295mL,was $5.80,$5.20,$1.76 per 100mL,https://foodlandbalaklava.com.au//lines/hnz-mayo-sg-zsty-lme-hrb-295ml
Foodland Balaklava,2025-05-04 23:55:59,Heinz® [​Seriously] Good™ Original Mayonnaise,500mL,was $8.70,$8.10,$1.62 per 100mL,https://foodlandbalaklava.com.au//lines/hnz-mayo-sg-orig-sqz-500ml
Foodland Balaklava,2025-05-04 23:55:59,Helga's Grains & Seeds Sourdough,750g,was $6.50,$5.00,$0.67 per 100g,https://foodlandbalaklava.com.au//lines/helga-brd-sourdough-grain-seed-750gm
Foodland Balaklava,2025-05-04 23:55:59,Helga's Prebiotic Ancient Grains & Seeds,700g,was $6.80,$5.60,$0.80 per 100g,https://foodlandbalaklava.com.au//lines/helgas-brd-p-biotic-anc-grn-sd-700gm
Foodland Balaklava,2025-05-04 23:55:59,Helga's Wraps Traditional Wholemeal,508g,N/A,$5.50,$1.08 per 100g,https://foodlandbalaklava.com.au//lines/helga-wrap-trad-w-meal-8p508gm
Foodland Balaklava,2025-05-04 23:55:59,Helgas Gluten Free Bread Traditional Wholemeal,470g,N/A,$7.50,$1.50 per 100g,https://foodlandbalaklava.com.au//lines/helga-brd-g-f-whol-ml-500gm
Foodland Balaklava,2025-05-04 23:55:59,Helgas Gluten Free Traditional Wholemeal,500g,N/A,$7.50,$1.50 per 100g,https://foodlandbalaklava.com.au//lines/helga-brd-g-f-mxd-grn-500gm
Foodland Balaklava,2025-05-04 23:55:59,Herbal Essences Conditioner Hello Hydration,300mL,N/A,$7.35,$2.45 per 100mL,https://foodlandbalaklava.com.au//lines/herb-ess-cond-hydration-300ml
Foodland Balaklava,2025-05-04 23:55:59,Herbal Essences Shampoo Hello Hydration,300mL,N/A,$7.35,$2.45 per 100mL,https://foodlandbalaklava.com.au//lines/herb-ess-s-poo-hydration-300ml
Foodland Balaklava,2025-05-04 23:55:59,Herbalicious Chives,15g,N/A,$2.99,$19.93 per 100g,https://foodlandbalaklava.com.au//lines/herbalicious-chives-15g
Foodland Balaklava,2025-05-04 23:55:59,Hercules Clickzip Snack Bags 40pk,N/A,was $2.50,$2.05,$0.05 Each,https://foodlandbalaklava.com.au//lines/hercules-click-zip-snack-bags-40pk
Foodland Balaklava,2025-05-04 23:55:59,Hercules Microfibre Mop Cloth,N/A,was $2.99,$2.60,$0.87 Each,https://foodlandbalaklava.com.au//lines/herc-microfibre-m-p-cloths-3pk
Foodland Balaklava,2025-05-04 23:55:59,Hershey's Cookies 'N' Creme Bar,40g,was $2.65,$1.55,$3.88 per 100g,https://foodlandbalaklava.com.au//lines/hershey-cookies-cream-40gm
Foodland Balaklava,2025-05-04 23:55:59,Holbrooks Worcestershire Sauce,250mL,N/A,$4.00,$1.60 per 100mL,https://foodlandbalaklava.com.au//lines/holb-sce-worcestershire-250ml
Foodland Balaklava,2025-05-04 23:55:59,Holiday Crossword Collection,N/A,N/A,$10.95,N/A,https://foodlandbalaklava.com.au//lines/lov-crossword-puzzle-coll
Foodland Balaklava,2025-05-04 23:55:59,HONEY MUSTARD PASTA SALAD,N/A,N/A,$22.99,N/A,https://foodlandbalaklava.com.au//lines/jl-king-psta-honey-must-2
Foodland Balaklava,2025-05-04 23:55:59,Honeydew Melon Per Kg,N/A,N/A,$4.20,N/A,https://foodlandbalaklava.com.au//lines/honeydew-melon-per-kg-1
Foodland Balaklava,2025-05-04 23:55:59,Hotdog Roll Large Sesame 6pk,N/A,N/A,$5.00,$1.25 Each,https://foodlandbalaklava.com.au//lines/hotdog-roll-large-sesame-6pk-1
Foodland Balaklava,2025-05-04 23:55:59,Hotdog W/​Cheese & Sauce,N/A,N/A,$4.49,N/A,https://foodlandbalaklava.com.au//lines/hotdog-w-cheese-sauce-2
Foodland Balaklava,2025-05-04 23:55:59,Hug Ems Wolf 18cm,N/A,N/A,$11.99,N/A,https://foodlandbalaklava.com.au//lines/hug-ems-wolf-18cm-1
Foodland Balaklava,2025-05-04 23:55:59,Huggies Baby Wipes Refillable Clutch ‘​N’ Go 32 Wipes,N/A,N/A,$8.00,$25.00 Units100,https://foodlandbalaklava.com.au//lines/huggies-b-wipe-u-s-clutch-32s
Foodland Balaklava,2025-05-04 23:55:59,Huggies Drynites Bed Mats,N/A,N/A,$11.55,$1.65 Each,https://foodlandbalaklava.com.au//lines/huggies-drynite-bedmats-7s
Foodland Balaklava,2025-05-04 23:55:59,Huggies Drynites Night Time Pants For Boys 2-4 Years (​13-20kg) 10 Pack,N/A,was $13.65,$11.00,$1.10 Each,https://foodlandbalaklava.com.au//lines/huggies-drynite-boy-2-4-yr-10s
Foodland Balaklava,2025-05-04 23:55:59,Huggies Newborn Nappies For Boys & Girls Size 1 (​Up To ),108 x 5kg,N/A,$39.00,$0.36 Each,https://foodlandbalaklava.com.au//lines/huggies-nappy-ult-newborn-108s
Foodland Balaklava,2025-05-04 23:55:59,Huggies Thick Baby Wipes Fragrance Free 240 Pack,N/A,was $17.85,$14.00,$5.83 Units100,https://foodlandbalaklava.com.au//lines/huggies-b-wipes-u-scnt-rf-240s-1
Foodland Balaklava,2025-05-04 23:55:59,Huggies Thick Baby Wipes Fragrance Free 400 Pack,N/A,was $21.55,$18.00,$4.50 Units100,https://foodlandbalaklava.com.au//lines/huggies-b-wipes-frag-free-400s
Foodland Balaklava,2025-05-04 23:55:59,Huggies Ultimate Pure Care Nappy Pants Size 5 (​14-18 Kg) 52 Pack,N/A,was $40.95,$29.00,$0.56 Each,https://foodlandbalaklava.com.au//lines/huggies-ult-n-pant-sz-5-jmb52s
Foodland Balaklava,2025-05-04 23:55:59,Huggies Ultra Dry Nappies Boys Size 3 (​6-11kg) 90 Pack (​Nz),N/A,was $48.30,$39.00,$0.43 Each,https://foodlandbalaklava.com.au//lines/huggies-crawler-boy-jumbo-90s
Foodland Balaklava,2025-05-04 23:55:59,Huggies Ultra Dry Nappies Boys Size 6 (​16kg+​) 14 Pack,N/A,was $14.90,$13.00,$0.93 Each,https://foodlandbalaklava.com.au//lines/huggies-ult-dry-jun-boy-14s
Foodland Balaklava,2025-05-04 23:55:59,Huggies Ultra Dry Nappies Girls Size 3 (​6-11kg) 90 Pack (​Nz),N/A,was $48.30,$39.00,$0.43 Each,https://foodlandbalaklava.com.au//lines/huggies-crawler-girl-jumbo-90s
Foodland Balaklava,2025-05-04 23:55:59,Huggies Ultra Dry Nappies Girls Size 4 (​10-15kg) 72 Pack,N/A,was $48.30,$39.00,$0.54 Each,https://foodlandbalaklava.com.au//lines/huggies-toddlr-grl-jmbo-u-d72s
Foodland Balaklava,2025-05-04 23:55:59,Huggies Ultra Dry Nappies Girls Size 5 (​13-18kg) 64 Pack (​Nz),N/A,was $48.30,$39.00,$0.61 Each,https://foodlandbalaklava.com.au//lines/huggies-wlkr-grl-jmbo-u-dry64s
Foodland Balaklava,2025-05-04 23:55:59,"Huggies Ultra Dry Nappies, Boys, Size 4 (​10-15kg)​, 72 Pack (​Nz)",N/A,was $48.30,$39.00,$0.54 Each,https://foodlandbalaklava.com.au//lines/huggies-toddlr-boy-jmbo-u-d72s
Foodland Balaklava,2025-05-04 23:55:59,Huggies Ultra Dry Nappy Pants Boys Size 3 (​6-12kg) 36 Pack,N/A,N/A,$22.00,$0.61 Each,https://foodlandbalaklava.com.au//lines/huggies-nappy-pant-crwl-boy36s
Foodland Balaklava,2025-05-04 23:55:59,Hydralyte Effervescent Electrolyte Tablets Apple Blackcurrant Flavoured 10 Tablets,N/A,N/A,$9.15,$0.92 Each,https://foodlandbalaklava.com.au//lines/hydralyte-eff-tabs-apl-blk-10s
Foodland Balaklava,2025-05-04 23:55:59,I&​J Fish Beer Batter,1030g,N/A,$14.00,$13.59 per kg,https://foodlandbalaklava.com.au//lines/i-j-fish-beer-batter-1030gm
Foodland Balaklava,2025-05-04 23:55:59,I&​J Salt Pepper Squid,360g,N/A,$8.40,$2.33 per 100g,https://foodlandbalaklava.com.au//lines/i-j-squid-salt-pepper-360gm
Foodland Balaklava,2025-05-04 23:55:59,I-Care Paper Towel 100% Recycled 2pk,N/A,N/A,$4.05,$3.38 per 100 Sheets,https://foodlandbalaklava.com.au//lines/icare-paper-towel-100-rec-2pk
Foodland Balaklava,2025-05-04 23:55:59,I-Care Toilet Tissue 24pk,N/A,N/A,$14.20,$0.33 per 100 Sheets,https://foodlandbalaklava.com.au//lines/icare-t-rol-100-recyc-24pk
Foodland Balaklava,2025-05-04 23:55:59,I-Care Toilet Tissue 8pk,N/A,was $8.40,$5.20,$0.36 per 100 Sheets,https://foodlandbalaklava.com.au//lines/icare-t-rol-100-recyc-8pk
Foodland Balaklava,2025-05-04 23:55:59,Icare Wipex Paper Towels '3 Pack',N/A,was $4.75,$3.60,$1.20 per 100 Sheets,https://foodlandbalaklava.com.au//lines/icare-paper-towel-pic-a-sz-3pk
Foodland Balaklava,2025-05-04 23:55:59,Ice Break Iced Coffee Mocha,500mL,was $3.35,$2.90,$5.80 per L,https://foodlandbalaklava.com.au//lines/ice-break-coffee-mocha-500ml
Foodland Balaklava,2025-05-04 23:55:59,Ice Break Iced Coffee Regular Strength,500mL,was $3.35,$2.90,$5.80 per L,https://foodlandbalaklava.com.au//lines/ice-break-ice-coffee-500ml
Foodland Balaklava,2025-05-04 23:55:59,Ice Break Iced Coffee Regular Strength,750mL,N/A,$4.50,$6.00 per L,https://foodlandbalaklava.com.au//lines/ice-break-ice-coffee-750ml
Foodland Balaklava,2025-05-04 23:56:01,"Iddy Biddy Spider-Man, Mixed Berry Flavoured Snacks",160g,was $4.60,$4.30,$2.69 per 100g,https://foodlandbalaklava.com.au//lines/i-biddy-frt-snk-bry-blst-160gm
Foodland Balaklava,2025-05-04 23:56:01,Impulse Body Spray Aerosol Deodorant Festival Summer Edition,75mL,N/A,$6.30,$8.40 per 100mL,https://foodlandbalaklava.com.au//lines/impulse-spray-festival-75ml
Foodland Balaklava,2025-05-04 23:56:01,Impulse Body Spray Aerosol Deodorant Into Glamour,75mL,N/A,$6.30,$8.40 per 100mL,https://foodlandbalaklava.com.au//lines/impulse-spray-i-glamour-57gm
Foodland Balaklava,2025-05-04 23:56:01,Impulse Body Spray Aerosol Deodorant Romantic Spark,75mL,N/A,$6.30,$8.40 per 100mL,https://foodlandbalaklava.com.au//lines/impulse-spray-rom-spark-57gm
Foodland Balaklava,2025-05-04 23:56:01,In A Biskit Drumstix Crackers Multipack,168g,was $5.25,$4.65,$2.77 per 100g,https://foodlandbalaklava.com.au//lines/in-a-biskit-drumstixmulti-168g
Foodland Balaklava,2025-05-04 23:56:01,Indomie Mi Goreng 10 Pack,N/A,was $8.00,$7.00,$0.82 per 100g,https://foodlandbalaklava.com.au//lines/indomie-mi-goreng-10-pack
Foodland Balaklava,2025-05-04 23:56:01,Ingh Chk Wings Lrg Rw,N/A,N/A,$8.00,N/A,https://foodlandbalaklava.com.au//lines/ingham-wings-lrg-tray-rw-1
Foodland Balaklava,2025-05-04 23:56:01,Ingham Chicken Whole,N/A,N/A,$8.26,$5.51 per kg,https://foodlandbalaklava.com.au//lines/ingham-chicken-whole-1
Foodland Balaklava,2025-05-04 23:56:01,Ingham's Devil Chicken Wing Dings,1kg,N/A,$22.05,$22.05 per kg,https://foodlandbalaklava.com.au//lines/ingham-devil-wing-dings-1kg
Foodland Balaklava,2025-05-04 23:56:01,Ingham's Ingham Turkey Breast Traditional Roast,2kg,N/A,$38.20,$19.10 per kg,https://foodlandbalaklava.com.au//lines/ingham-turk-roll-rdy-rst-2kg
Foodland Balaklava,2025-05-04 23:56:01,Jack Links Snack Sticks Original,20g,was $2.25,$1.95,$97.50 per kg,https://foodlandbalaklava.com.au//lines/jack-link-snk-stk-orig-20gm
Foodland Balaklava,2025-05-04 23:56:01,Jack Links Teriyaki Jerky,50g,was $6.15,$5.35,$107.00 per kg,https://foodlandbalaklava.com.au//lines/jack-link-bf-jerky-teri-50gm
Foodland Balaklava,2025-05-04 23:56:01,Jackh Sink Plunger,N/A,N/A,$3.85,N/A,https://foodlandbalaklava.com.au//lines/jackhammer-sink-plunger
Foodland Balaklava,2025-05-04 23:56:01,Jackh Type C To Usb Std,1m,N/A,$11.03,N/A,https://foodlandbalaklava.com.au//lines/jackh-type-c-to-usb-std-1m-1pk
Foodland Balaklava,2025-05-04 23:56:01,Jalna Greek Vanilla Yoghurt,480g,was $5.20,$4.95,$1.03 per 100g,https://foodlandbalaklava.com.au//lines/jalna-vanilla-greek-ygt-480g
Foodland Balaklava,2025-05-04 23:56:01,Jalna Greek Yoghurt Sweet & Creamy,480g,was $5.20,$4.95,$1.03 per 100g,https://foodlandbalaklava.com.au//lines/jalna-nat-sweet-grk-ygt-480g
Foodland Balaklava,2025-05-04 23:56:01,Jarrah Coffee French Vanilla 1 Can,250g,N/A,$8.95,$3.58 per 100g,https://foodlandbalaklava.com.au//lines/jarrah-coff-french-van-250gm
Foodland Balaklava,2025-05-04 23:56:01,Jarrah Coffee Swiss Mocha 1 Can,250g,N/A,$8.95,$3.58 per 100g,https://foodlandbalaklava.com.au//lines/jarrah-coff-swiss-mocha-250gm
Foodland Balaklava,2025-05-04 23:56:01,Jarrah French Vanilla Latte,125g,N/A,$8.95,$7.16 per 100g,https://foodlandbalaklava.com.au//lines/jarrah-french-vanilla-10s
Foodland Balaklava,2025-05-04 23:56:01,Jasol Cleaner Lemon,1L,N/A,$6.85,$0.68 per 100mL,https://foodlandbalaklava.com.au//lines/jasol-cleaner-lemon-1l
Foodland Balaklava,2025-05-04 23:56:01,Jcy Isle Chocolate Topping,375mL,N/A,$3.99,$1.06 per 100mL,https://foodlandbalaklava.com.au//lines/j-isle-chocolate-topping-375ml
Foodland Balaklava,2025-05-04 23:56:01,Jif Cream With Micro Particles Lemon,500mL,N/A,$4.80,$0.96 per 100mL,https://foodlandbalaklava.com.au//lines/jif-cream-clnser-lem-500ml
Foodland Balaklava,2025-05-04 23:56:01,Jindi Camembert,200g,was $10.30,$7.50,$37.50 per kg,https://foodlandbalaklava.com.au//lines/jindi-chs-camembert-200gm
Foodland Balaklava,2025-05-04 23:56:01,Jjs Blueberry Clouds,150g,was $2.49,$2.05,$1.37 per 100g,https://foodlandbalaklava.com.au//lines/jjs-blueberry-clouds-150g
Foodland Balaklava,2025-05-04 23:56:01,John West Lemon & Dill Salmon,95g,was $3.45,$3.15,$33.16 per kg,https://foodlandbalaklava.com.au//lines/j-west-tempt-sal-lem-dill-95gm
Foodland Balaklava,2025-05-04 23:56:01,John West Red Salmon,415g,N/A,$15.75,$37.95 per kg,https://foodlandbalaklava.com.au//lines/j-west-salmon-red-415gm
Foodland Balaklava,2025-05-04 23:56:01,John West Tempter Zesty Vinaigrette,95g,N/A,$2.70,$28.42 per kg,https://foodlandbalaklava.com.au//lines/j-west-tuna-vinaigrette-95gm
Foodland Balaklava,2025-05-04 23:56:01,John West Teriyaki Salmon,95g,was $3.45,$3.15,$33.16 per kg,https://foodlandbalaklava.com.au//lines/j-west-tempt-sal-teriyaki-95gm
Foodland Balaklava,2025-05-04 23:56:01,John West Tmp Salmon Smkflv,95g,was $3.45,$3.15,$33.16 per kg,https://foodlandbalaklava.com.au//lines/j-west-tempt-salmon-smkd-95gm
Foodland Balaklava,2025-05-04 23:56:01,John West Tuna In Brine,425g,N/A,$5.50,$12.94 per kg,https://foodlandbalaklava.com.au//lines/j-west-tuna-in-brine-425gm
Foodland Balaklava,2025-05-04 23:56:01,John West Tuna In Springwater Multipack,4 x 95g,N/A,$6.50,$17.11 per kg,https://foodlandbalaklava.com.au//lines/j-west-tuna-springwater-4x95gm
Foodland Balaklava,2025-05-04 23:56:01,John West Tuna Olive Oil,185g,was $3.90,$3.40,$18.38 per kg,https://foodlandbalaklava.com.au//lines/j-west-tuna-olive-oil-185gm
Foodland Balaklava,2025-05-04 23:56:01,John West Tuna Tempters Chunk Olive Oil,95g,N/A,$2.70,$28.42 per kg,https://foodlandbalaklava.com.au//lines/j-west-tuna-olive-oil-95gm
Foodland Balaklava,2025-05-04 23:56:01,John West Tuna Tempters Oven Dried Tomato & Basil,95g,N/A,$2.70,$28.42 per kg,https://foodlandbalaklava.com.au//lines/j-west-tuna-tom-basil-95gm
Foodland Balaklava,2025-05-04 23:56:01,Johnson's Baby Johnson's Gentle Mild Moisturising Baby Oil,200mL,was $6.85,$4.70,$2.35 per 100mL,https://foodlandbalaklava.com.au//lines/j-j-baby-oil-plastic-200ml
Foodland Balaklava,2025-05-04 23:56:01,Johnson's Body Care Dreamy Skin Lavender And Moonflower Scented Body Wash,1L,was $12.60,$6.00,$0.60 per 100mL,https://foodlandbalaklava.com.au//lines/j-j-body-wash-drmy-skin-crm-1l
Foodland Balaklava,2025-05-04 23:56:01,Johnson's Body Care Extra Rich Moisturising Cream Body Wash,1L,was $12.60,$6.00,$0.60 per 100mL,https://foodlandbalaklava.com.au//lines/j-j-body-wash-extr-mois-crm-1l
Foodland Balaklava,2025-05-04 23:56:01,Johnson’​S Baby Pure Cornstarch Aloe & Vit E Soothing Moisture Absorbing Baby Powder,200g,N/A,$6.30,$3.15 per 100g,https://foodlandbalaklava.com.au//lines/j-j-baby-crnstrch-al-v-e-200gm
Foodland Balaklava,2025-05-04 23:56:01,Johnson’​S Baby Pure Cornstarch Moisture Absorbing Baby Powder,600g,N/A,$10.50,$1.75 per 100g,https://foodlandbalaklava.com.au//lines/j-j-baby-crnstrch-600gm
Foodland Balaklava,2025-05-04 23:56:01,Jon Jon Ginger Kisses 8,N/A,N/A,$6.00,$3.00 per 100g,https://foodlandbalaklava.com.au//lines/jon-jon-kisses-ginger-200gm
Foodland Balaklava,2025-05-04 23:56:01,Joo Joos Strawberry Clouds,150g,was $2.49,$2.05,$1.37 per 100g,https://foodlandbalaklava.com.au//lines/jjs-sberry-clouds-ruby-red-gf-150g
Foodland Balaklava,2025-05-04 23:56:01,Joo Joos Strawberry Fizzy Bricks,130g,was $2.49,$2.05,$1.37 per 100g,https://foodlandbalaklava.com.au//lines/jjs-fizzy-bricks-s-berry-130g
Foodland Balaklava,2025-05-04 23:56:01,Joojoos Mini Rainbow,150g,was $2.49,$2.05,$1.37 per 100g,https://foodlandbalaklava.com.au//lines/jjs-mini-r-bow-wonder-bar-130g
Foodland Balaklava,2025-05-04 23:56:01,Juicy Isle Cloudy Apple Juice,350mL,N/A,$3.75,$1.07 per 100mL,https://foodlandbalaklava.com.au//lines/j-isle-apple-juice-350ml
Foodland Balaklava,2025-05-04 23:56:01,Just Juice Orange Juice Multipack,6 x 200mL,N/A,$6.85,$5.71 per L,https://foodlandbalaklava.com.au//lines/just-juice-orange-6x200ml
Foodland Balaklava,2025-05-04 23:56:01,Kan Tong Sweet & Sour Stir Fry Cooking Sauce,515g,N/A,$4.85,$0.94 per 100g,https://foodlandbalaklava.com.au//lines/kantong-sce-stf-swt-sr-515gm
Foodland Balaklava,2025-05-04 23:56:01,Kb's Salt & Pepper Prawns,300g,N/A,$9.50,$3.17 per 100g,https://foodlandbalaklava.com.au//lines/kb-s-salt-pepper-prawns-300g
Foodland Balaklava,2025-05-04 23:56:01,Keens Curry Pdr,120g,N/A,$5.85,$4.88 per 100g,https://foodlandbalaklava.com.au//lines/keens-curry-pdr-120gm
Foodland Balaklava,2025-05-04 23:56:02,Keens Mustard Powder,100g,N/A,$7.45,$7.45 per 100g,https://foodlandbalaklava.com.au//lines/keens-mustard-powder-100gm
Foodland Balaklava,2025-05-04 23:56:02,Kellogg's Coco Pops Chocos,260g,N/A,$7.90,$3.04 per 100g,https://foodlandbalaklava.com.au//lines/kell-coco-pops-chocos-260g
Foodland Balaklava,2025-05-04 23:56:02,Kellogg's Corn Flakes,380g,N/A,$5.00,$1.32 per 100g,https://foodlandbalaklava.com.au//lines/kell-corn-flakes-380gm
Foodland Balaklava,2025-05-04 23:56:02,Kellogg's Froot Loops 25% Less Sugar,265g,N/A,$7.35,$2.77 per 100g,https://foodlandbalaklava.com.au//lines/kell-froot-loops-25-ls-265gm
Foodland Balaklava,2025-05-04 23:56:02,Kellogg's K-Time Baked Twists Raspberry & Apple Flavour E185g (​5 X ) 185g,37g,N/A,$5.80,$3.14 per 100g,https://foodlandbalaklava.com.au//lines/kell-k-tme-twst-rsbry-apl185gm
Foodland Balaklava,2025-05-04 23:56:02,Kellogg's K-Time Baked Twists Strawberry & Blueberry Flavour E333g (​9 X ) 333g,37g,N/A,$7.20,$2.16 per 100g,https://foodlandbalaklava.com.au//lines/kell-k-tme-twst-str-blu-333gm
Foodland Balaklava,2025-05-04 23:56:02,Kellogg's Lcms Split Stix Yoghurty 12 Bar Pack,264g,was $7.90,$7.05,$2.67 per 100g,https://foodlandbalaklava.com.au//lines/kell-lcm-splt-stix-yogrt-264gm
Foodland Balaklava,2025-05-04 23:56:02,Kellogg's Rice Bubbles,250g,N/A,$5.65,$2.26 per 100g,https://foodlandbalaklava.com.au//lines/kell-rice-bubbles-250gm
Foodland Balaklava,2025-05-04 23:56:02,Kellogg's Rice Bubbles Gluten Free,315g,N/A,$8.20,$2.60 per 100g,https://foodlandbalaklava.com.au//lines/kell-rice-bubbles-g-f-315gm
Foodland Balaklava,2025-05-04 23:56:02,Kellogg's Special K Forest Berries E380g,380g,N/A,$8.20,$2.16 per 100g,https://foodlandbalaklava.com.au//lines/kell-special-k-f-berry-380gm
Foodland Balaklava,2025-05-04 23:56:02,Kellogg's Special K Original,300g,N/A,$7.00,$2.33 per 100g,https://foodlandbalaklava.com.au//lines/kell-special-k-300gm
Foodland Balaklava,2025-05-04 23:56:02,Kellogg's Special K Original Cereal,500g,was $9.45,$8.10,$1.62 per 100g,https://foodlandbalaklava.com.au//lines/kell-special-k-500gm
Foodland Balaklava,2025-05-04 23:56:02,Kellogg's Sultana Bran With Oat Clusters,480g,N/A,$8.40,$1.75 per 100g,https://foodlandbalaklava.com.au//lines/kell-sultana-bran-o-clust480gm
Foodland Balaklava,2025-05-04 23:56:02,Kewpie Sriracha Mayonnaise,300g,N/A,$5.80,$1.93 per 100g,https://foodlandbalaklava.com.au//lines/kewpie-mayo-sriracha-300gm
Foodland Balaklava,2025-05-04 23:56:02,Ki Free Range Eggs,600g,N/A,$9.20,$15.33 per kg,https://foodlandbalaklava.com.au//lines/ki-free-range-eggs-600g
Foodland Balaklava,2025-05-04 23:56:02,Kikkoman Less Salt Soy Sauce,250mL,N/A,$7.05,$2.82 per 100mL,https://foodlandbalaklava.com.au//lines/kikkoman-sce-soy-l-salt-250ml
Foodland Balaklava,2025-05-04 23:56:02,Kikkoman Soy Sauce 1,N/A,N/A,$11.95,$1.20 per 100mL,https://foodlandbalaklava.com.au//lines/kikkoman-sce-soy-plas-btl-1l
Foodland Balaklava,2025-05-04 23:56:02,Kikkoman Soy Sauce,150mL,N/A,$5.15,$3.43 per 100mL,https://foodlandbalaklava.com.au//lines/kikkoman-sce-soy-150ml
Foodland Balaklava,2025-05-04 23:56:02,Kikkoman Thick Terryaki Sauce,240g,was $4.00,$3.00,$1.25 per 100g,https://foodlandbalaklava.com.au//lines/kikkoman-sce-teri-thck-240gm
Foodland Balaklava,2025-05-04 23:56:02,Kinder Chocolate 6 Snack Bar Pack,126g,N/A,$5.50,$4.37 per 100g,https://foodlandbalaklava.com.au//lines/kinder-choc-t6-126gm
Foodland Balaklava,2025-05-04 23:56:02,Kinder Surprise Milk Chocolate Egg White Natoons With Toy Multipack 3 Pack,60g,N/A,$6.00,$10.00 per 100g,https://foodlandbalaklava.com.au//lines/kinder-surprise-t3-60g
Foodland Balaklava,2025-05-04 23:56:02,Kinder Surprise White Egg T1 Natoons,20g,N/A,$2.65,$13.25 per 100g,https://foodlandbalaklava.com.au//lines/kinder-srprse-classc-imbut20gm
Foodland Balaklava,2025-05-04 23:56:02,King Of Kings Gua Boa Bun,560g,N/A,$10.50,$1.88 per 100g,https://foodlandbalaklava.com.au//lines/king-of-kings-gua-boa-bun-560g
Foodland Balaklava,2025-05-04 23:56:02,Kirks Lemon Squash Bottle Soft Drink,1.25L,was $3.00,$2.55,$2.04 per L,https://foodlandbalaklava.com.au//lines/kirks-club-lemon-1-25l
Foodland Balaklava,2025-05-04 23:56:02,Kirks-Ko Kirks Club Dry Ginger Ale Bottle,1.25L,was $3.00,$2.55,$2.04 per L,https://foodlandbalaklava.com.au//lines/kirks-dry-ginger-ale-1-25l
Foodland Balaklava,2025-05-04 23:56:02,Kirks-Ko Kirks Orange Multipack Cans,10 x 375mL,was $15.75,$13.75,$3.67 per L,https://foodlandbalaklava.com.au//lines/kirks-orange-10-x-375ml
Foodland Balaklava,2025-05-04 23:56:02,Kirks-Ko Kirks Sugar Free Pasito Passionfruit,1.25L,was $3.00,$2.55,$2.04 per L,https://foodlandbalaklava.com.au//lines/kirks-pasito-s-free-1-25l
Foodland Balaklava,2025-05-04 23:56:02,Kiwifruit Gold P/​P,N/A,N/A,$10.20,$1.13 Each,https://foodlandbalaklava.com.au//lines/kiwifruit-gold-pkt-8-1
Foodland Balaklava,2025-05-04 23:56:02,Kleenex Aloe Vera & Vitamin E 3 Ply Facial Tissues Cube 60 Pack,N/A,N/A,$3.15,$5.25 Units100,https://foodlandbalaklava.com.au//lines/klnx-tissue-xcare-aloe-wht-60s
Foodland Balaklava,2025-05-04 23:56:02,Kleenex Complete Clean Double Length Toilet Paper 4 Pack,N/A,was $7.90,$7.10,$0.49 per 100 Sheets,https://foodlandbalaklava.com.au//lines/klnx-t-roll-wht-d-lngth-4pk
Foodland Balaklava,2025-05-04 23:56:02,Kleenex Everyday 2 Ply Facial Tissues Cube 85 Pack,N/A,N/A,$3.15,$3.71 Units100,https://foodlandbalaklava.com.au//lines/klnx-tissue-e-day-cube-85s
Foodland Balaklava,2025-05-04 23:56:02,Kleenex Everyday 2 Ply Kids Facial Tissues 200 Pack,N/A,was $3.45,$3.00,$1.50 Units100,https://foodlandbalaklava.com.au//lines/klnx-tissue-e-day-kids-200s
Foodland Balaklava,2025-05-04 23:56:02,Kookas Choc Rasp Cookies,500g,N/A,$6.50,$1.30 per 100g,https://foodlandbalaklava.com.au//lines/kookas-choc-rasp-cookies-500g
Foodland Balaklava,2025-05-04 23:56:02,Korbond Badge Happy Birthday,N/A,N/A,$2.84,N/A,https://foodlandbalaklava.com.au//lines/korbond-badge-happy-birthday
Foodland Balaklava,2025-05-04 23:56:02,Korbond Balloon Round Assorted 40pk,N/A,N/A,$3.68,N/A,https://foodlandbalaklava.com.au//lines/korbond-b-loon-rnd-astd-40pk
Foodland Balaklava,2025-05-04 23:56:02,Korbond Lint Roller,10m,N/A,$8.19,N/A,https://foodlandbalaklava.com.au//lines/korbond-lint-rolle-kor-10m-c-s
Foodland Balaklava,2025-05-04 23:56:02,Korbond Needles Home Kit 40pce,N/A,N/A,$3.15,N/A,https://foodlandbalaklava.com.au//lines/korbond-needles-home-kit-40pce
Foodland Balaklava,2025-05-04 23:56:02,Korbond Rainbow Streamers 6pk,N/A,N/A,$3.15,$0.79 Each,https://foodlandbalaklava.com.au//lines/korbond-rainbow-streamers-6pk
Foodland Balaklava,2025-05-04 23:56:02,Korbond Stainless Steel Pizza Cutter,N/A,N/A,$6.30,N/A,https://foodlandbalaklava.com.au//lines/f-guru-s-s-pizza-cutter
Foodland Balaklava,2025-05-04 23:56:02,KR Castlemaine Honey Ham,750g,was $16.30,$13.50,$18.00 per kg,https://foodlandbalaklava.com.au//lines/krc-ham-honey-ptn-750gm
Foodland Balaklava,2025-05-04 23:56:02,Kraft Bluey Cheese Sticks 5 Pack,N/A,was $5.25,$4.50,$45.00 per kg,https://foodlandbalaklava.com.au//lines/kft-chse-stick-mld-bluey-100gm
Foodland Balaklava,2025-05-04 23:56:02,Kraft Cheddar Sandwich Slices 12 Slices,250g,N/A,$5.50,$22.00 per kg,https://foodlandbalaklava.com.au//lines/kft-chse-ched-slce-250gm
Foodland Balaklava,2025-05-04 23:56:02,Kraft® Easy Mac® Cheesy Chicken Flavour Pasta,280g,N/A,$5.35,$1.91 per 100g,https://foodlandbalaklava.com.au//lines/kft-easy-mac-chicken-280gm-1
Foodland Balaklava,2025-05-04 23:56:02,Kraft® Easy Mac® Classic Cheese,280g,N/A,$5.35,$1.91 per 100g,https://foodlandbalaklava.com.au//lines/kft-easy-mac-cheese-280gm-1
Foodland Balaklava,2025-05-04 23:56:02,Kushi Fruit Jelly Cups,12 x 75g,N/A,$4.50,$0.50 per 100g,https://foodlandbalaklava.com.au//lines/kushi-fruit-jelly-cups-12-x-75g
Foodland Balaklava,2025-05-04 23:56:02,Kytons Lamingtons 6 Pack,N/A,N/A,$8.50,N/A,https://foodlandbalaklava.com.au//lines/kytons-lamingtons-6-pack
Foodland Balaklava,2025-05-04 23:56:02,L'or Classique Coffee Beans,500g,was $27.30,$16.05,$3.21 per 100g,https://foodlandbalaklava.com.au//lines/lor-coff-bns-classique-500g
Foodland Balaklava,2025-05-04 23:56:02,L'oré​al Paris Elvive Hyaluron Plump 72h Moisture Filling Shampoo,300mL,N/A,$8.95,$2.98 per 100mL,https://foodlandbalaklava.com.au//lines/elvive-s-poo-hyal-plump-300ml
Foodland Balaklava,2025-05-04 23:56:03,L'oré​al Paris Excellence Crè​me Permanent Hair Colour - 5 Natural Brown,N/A,was $28.35,$20.00,N/A,https://foodlandbalaklava.com.au//lines/lor-exclnce-nat-brwn-5-1
Foodland Balaklava,2025-05-04 23:56:03,L'oré​al Paris L'oreal Paris Elvive Hyaluron Plump Conditioner,300mL,N/A,$8.95,$2.98 per 100mL,https://foodlandbalaklava.com.au//lines/elvive-cond-hyal-plump-300ml
Foodland Balaklava,2025-05-04 23:56:03,L'oré​al Paris Men Expert Pure Carbon Anti-Acne & Anti-Blackhead Exfoliating Face Scrub,100mL,N/A,$12.60,$12.60 per 100mL,https://foodlandbalaklava.com.au//lines/lor-men-pure-charc-scrub-100ml
Foodland Balaklava,2025-05-04 23:56:03,La Famiglia Bread Garlic Slices,270g,was $6.85,$5.00,$1.85 per 100g,https://foodlandbalaklava.com.au//lines/la-famiglia-grlic-brd-9slc270g
Foodland Balaklava,2025-05-04 23:56:03,La Ice Cola Maxi,2L,N/A,$2.70,$1.35 per L,https://foodlandbalaklava.com.au//lines/tru-blu-la-ice-cola-maxi-2l
Foodland Balaklava,2025-05-04 23:56:03,La Tosca Spinach And Ricotta Tortellini,500g,N/A,$7.00,$1.40 per 100g,https://foodlandbalaklava.com.au//lines/la-tosca-spin-ricotta-tortellini-500g
Foodland Balaklava,2025-05-04 23:56:03,Lago Mini Wafers Vanilla,125g,was $3.20,$2.60,$2.08 per 100g,https://foodlandbalaklava.com.au//lines/lago-mini-party-wafers-vanilla-125g
Foodland Balaklava,2025-05-04 23:56:03,Lago Wafer Rolls Cocoa,80g,N/A,$3.20,N/A,https://foodlandbalaklava.com.au//lines/lago-wafer-rolls-cocoa-80g
Foodland Balaklava,2025-05-04 23:56:03,Latina Fresh Beef Ravioli Pasta,375g,was $8.40,$5.50,$1.47 per 100g,https://foodlandbalaklava.com.au//lines/latina-f-psta-rav-meat-375gm
Foodland Balaklava,2025-05-04 23:56:03,Latina Fresh Italian Tomato & Garlic Pasta Sauce,425g,was $7.90,$5.50,$1.29 per 100g,https://foodlandbalaklava.com.au//lines/latina-sce-ital-tm-on-gar425gm
Foodland Balaklava,2025-05-04 23:56:03,Laucke Brd Mx S/​Dough Wht500gm,N/A,was $3.80,$3.10,$6.20 per kg,https://foodlandbalaklava.com.au//lines/laucke-brd-mx-s-dough-wht500gm
Foodland Balaklava,2025-05-04 23:56:03,Laucke Country Womens Scone Mix,1kg,N/A,$5.00,$0.50 per 100g,https://foodlandbalaklava.com.au//lines/laucke-cwa-scone-mix-1kg
Foodland Balaklava,2025-05-04 23:56:03,Lauke Spelt Bread Mix,500g,was $3.80,$3.10,$6.20 per kg,https://foodlandbalaklava.com.au//lines/laucke-brd-mix-spelt-500g
Foodland Balaklava,2025-05-04 23:56:03,Lauke Wallaby Bakers Flour,1kg,was $3.80,$3.10,$3.10 per kg,https://foodlandbalaklava.com.au//lines/laucke-wallaby-bkrs-flour-1kg
Foodland Balaklava,2025-05-04 23:56:03,Lay's Stax Stacked Chips Share Pack Original,105g,was $4.20,$2.50,$2.38 per 100g,https://foodlandbalaklava.com.au//lines/lays-stax-original-105g
Foodland Balaklava,2025-05-04 23:56:03,Lean Cuisine Beef In Red Wine Sauce With Garlic Mash,280g,N/A,$6.30,$2.25 per 100g,https://foodlandbalaklava.com.au//lines/lean-cuis-bf-red-wne-mash280gm
Foodland Balaklava,2025-05-04 23:56:03,"Lean Cuisine Chicken, Cheese & Pepper Pasta",375g,was $7.35,$4.20,$1.12 per 100g,https://foodlandbalaklava.com.au//lines/lean-cuis-chkn-chse-psta-375gm
Foodland Balaklava,2025-05-04 23:56:03,Leda Mini Mylk Chocolate Rice Cakes,60g,N/A,$4.79,$7.98 per 100g,https://foodlandbalaklava.com.au//lines/leda-mini-rice-cakes-mylk-choc-60g
Foodland Balaklava,2025-05-04 23:56:03,Lee Kum Kee Soy Sauce Premium Table Top,150mL,N/A,$3.70,$2.47 per 100mL,https://foodlandbalaklava.com.au//lines/lkk-soy-sauce-150ml-1
Foodland Balaklava,2025-05-04 23:56:03,Leeks Trim Twin Pre Packed,N/A,N/A,$5.85,$1.95 Each,https://foodlandbalaklava.com.au//lines/leeks-trim-pp-twin-2
Foodland Balaklava,2025-05-04 23:56:03,"Leggo's Bolognese Chunky Pasta Sauce With Tomato, Red Wine & Herbs",500g,N/A,$4.85,$0.97 per 100g,https://foodlandbalaklava.com.au//lines/leggos-psta-sce-blgn-r-wn500gm
Foodland Balaklava,2025-05-04 23:56:03,Leggo's Napoletana Chunky Pasta Sauce With Tomato & Herbs,500g,N/A,$4.85,$0.97 per 100g,https://foodlandbalaklava.com.au//lines/leggos-psta-sce-napoletna500gm
Foodland Balaklava,2025-05-04 23:56:03,Leggo's Passata Sauce Rustic,700g,was $4.50,$3.80,$0.54 per 100g,https://foodlandbalaklava.com.au//lines/leggos-passata-chunky-700gm
Foodland Balaklava,2025-05-04 23:56:03,Leggo's Pasta Bake Tuna Bake Spinach & Garlic,500g,N/A,$4.30,$0.86 per 100g,https://foodlandbalaklava.com.au//lines/leggos-psta-bke-tuna-500gm
Foodland Balaklava,2025-05-04 23:56:03,Leggo's Tomato Paste 4 Sachets,200g,N/A,$3.35,$1.68 per 100g,https://foodlandbalaklava.com.au//lines/leggos-tom-pste-sach-200gm
Foodland Balaklava,2025-05-04 23:56:03,Leggo's Tomato Paste,4g,was $6.60,$5.50,$0.98 per 100g,https://foodlandbalaklava.com.au//lines/leggos-tom-pste-4x140gm
Foodland Balaklava,2025-05-04 23:56:03,Leggo's Tomato Paste,500g,was $5.05,$4.00,$0.80 per 100g,https://foodlandbalaklava.com.au//lines/leggos-tom-pste-glass-500gm
Foodland Balaklava,2025-05-04 23:56:03,Leggo's Tomato Puree,410g,N/A,$2.65,$6.46 per kg,https://foodlandbalaklava.com.au//lines/leggos-tomato-puree-410gm
Foodland Balaklava,2025-05-04 23:56:03,Lemnos Haloumi Cyprus Style Cheese,180g,was $7.35,$6.50,$36.11 per kg,https://foodlandbalaklava.com.au//lines/lemnos-haloumi-180gm
Foodland Balaklava,2025-05-04 23:56:03,Lemsip Maximum Strength Sachets 10 10pk,N/A,N/A,$15.75,$1.58 Each,https://foodlandbalaklava.com.au//lines/lemsip-cold-flu-max-10s
Foodland Balaklava,2025-05-04 23:56:03,Lian Pho Bo Beef Instant Rice Noodles,300g,N/A,$8.40,$2.80 per 100g,https://foodlandbalaklava.com.au//lines/tasman-inst-bf-rice-noodles-5pk
Foodland Balaklava,2025-05-04 23:56:03,Lian Vietnamese Rice Noodle Bowl,70g,N/A,$3.90,$5.57 per 100g,https://foodlandbalaklava.com.au//lines/tasman-lian-pho-bo-beef-70g
Foodland Balaklava,2025-05-04 23:56:03,Libra Double 2 In 1 Liners 25 Pack,N/A,was $4.75,$4.05,$0.16 Each,https://foodlandbalaklava.com.au//lines/libra-liner-2in1-25pk
Foodland Balaklava,2025-05-04 23:56:03,Libra Extra Pads Regular 14 Pack,N/A,was $7.35,$5.70,$0.41 Each,https://foodlandbalaklava.com.au//lines/libra-pad-xtra-reg-14s
Foodland Balaklava,2025-05-04 23:56:03,Libra Invisible Pads Regular With Wings 12 Pack,N/A,was $7.65,$4.40,$0.37 Each,https://foodlandbalaklava.com.au//lines/libra-invisible-wing-reg-12s-1
Foodland Balaklava,2025-05-04 23:56:03,Libra Teen Pads Regular With Wings 12 Pack,N/A,was $7.45,$5.70,$0.48 Each,https://foodlandbalaklava.com.au//lines/libra-hearts-reg-12s
Foodland Balaklava,2025-05-04 23:56:03,Libra Ultra Thin Pads Regular 14 Pack,N/A,was $7.15,$5.70,$0.41 Each,https://foodlandbalaklava.com.au//lines/libra-pads-u-thn-reg-14s
Foodland Balaklava,2025-05-04 23:56:03,Libra Ultra Thin Pads Regular With Wings 14 Pack,N/A,was $7.50,$5.70,$0.41 Each,https://foodlandbalaklava.com.au//lines/libra-pads-u-thn-reg-wing-14s-1
Foodland Balaklava,2025-05-04 23:56:03,Libra Ultra Thin Pads Super With Wings 12 Pack,N/A,was $7.50,$5.70,$0.48 Each,https://foodlandbalaklava.com.au//lines/libra-pads-u-thn-sup-wing-12s-1
Foodland Balaklava,2025-05-04 23:56:03,Licorice Lovers R/​Bry Ff#​300gm,N/A,was $3.80,$3.60,$1.80 per 100g,https://foodlandbalaklava.com.au//lines/licorice-lovers-r-bry-ff-300gm
Foodland Balaklava,2025-05-04 23:56:03,Licorice Lovers Rasp Choc,200g,was $3.80,$3.60,$1.80 per 100g,https://foodlandbalaklava.com.au//lines/licorice-lovers-rasp-choc-200gm
Foodland Balaklava,2025-05-04 23:56:03,Licorice Lovers Trad Ff #​300gm,N/A,was $3.80,$3.60,$1.80 per 100g,https://foodlandbalaklava.com.au//lines/licorice-lovers-trad-ff-300gm
Foodland Balaklava,2025-05-04 23:56:03,Liddells Lactose Free Cheese Block,200g,was $7.90,$6.95,$27.80 per kg,https://foodlandbalaklava.com.au//lines/liddells-chse-lac-fr-blk-250gm
Foodland Balaklava,2025-05-04 23:56:03,Liddells Lactose Free Plain Yoghurt,4 x 140g,N/A,$6.20,$1.11 per 100g,https://foodlandbalaklava.com.au//lines/liddells-ygt-l-f-plain-4x140gm
Foodland Balaklava,2025-05-04 23:56:03,Liddells Lactose Free Probiotic Vanilla Yoghurt,700g,N/A,$7.25,$1.04 per 100g,https://foodlandbalaklava.com.au//lines/liddells-ygt-lac-f-van-bn700gm
Foodland Balaklava,2025-05-04 23:56:03,Liddells Shredded Cheese Pizza Blend Lactose Free,225g,was $7.90,$6.95,$30.89 per kg,https://foodlandbalaklava.com.au//lines/liddells-chs-pza-blnd-shd225gm
Foodland Balaklava,2025-05-04 23:56:03,Life Saver Raspberry Sherbet Stix,40g,was $2.10,$1.50,$3.75 per 100g,https://foodlandbalaklava.com.au//lines/l-saver-stix-chc-fill-ras-40g
Foodland Balaklava,2025-05-04 23:56:03,Life Savers Raspberry Sherbert Fizz Stix,200g,was $5.25,$3.60,$1.80 per 100g,https://foodlandbalaklava.com.au//lines/l-saver-stix-s-fiz-rbry-200gm
Foodland Balaklava,2025-05-04 23:56:04,Life Savers Strawberries & Cream Stix,200g,was $5.25,$3.60,$1.80 per 100g,https://foodlandbalaklava.com.au//lines/l-saver-stix-sbry-crm-200g
Foodland Balaklava,2025-05-04 23:56:04,Lifesavers Strawberries & Cream White Chocolate Bar,170g,was $7.35,$6.55,$3.85 per 100g,https://foodlandbalaklava.com.au//lines/lsaver-straw-crm-wht-choc-170g
Foodland Balaklava,2025-05-04 23:56:04,Lifestyles® Party Mix Condoms 10 Pack,N/A,was $6.85,$6.20,$0.62 Each,https://foodlandbalaklava.com.au//lines/l-styles-condoms-party-mix-10s
Foodland Balaklava,2025-05-04 23:56:04,Lifestyles® Ultra Thin Condoms 10 Pack,N/A,was $6.85,$6.20,$0.62 Each,https://foodlandbalaklava.com.au//lines/l-styles-condoms-u-thin-10s
Foodland Balaklava,2025-05-04 23:56:04,Lilydale Soy Chicken Kebab,375g,N/A,$10.00,$26.67 per kg,https://foodlandbalaklava.com.au//lines/lilydale-tp-swt-soy-kebabs-375g
Foodland Balaklava,2025-05-04 23:56:04,Lindt Excellence Roasted Almond Dark Chocolate,100g,was $7.30,$5.95,$5.95 per 100g,https://foodlandbalaklava.com.au//lines/lindt-excel-roasted-almnd100gm
Foodland Balaklava,2025-05-04 23:56:04,Lindt Lindor Assorted Chocolate Cornet,333g,N/A,$27.00,$8.11 per 100g,https://foodlandbalaklava.com.au//lines/lindor-cornet-gift-box-333g
Foodland Balaklava,2025-05-04 23:56:04,Lindt Lindor Cheesecake Bag,123g,was $13.65,$8.75,$7.00 per 100g,https://foodlandbalaklava.com.au//lines/lindor-cheesecake-bag-123g
Foodland Balaklava,2025-05-04 23:56:04,Lindt Lindor Milk Mint Chocolate Bag,123g,was $13.65,$8.75,$7.00 per 100g,https://foodlandbalaklava.com.au//lines/lindor-milk-mint-bag-125g
Foodland Balaklava,2025-05-04 23:56:04,Lion Tapioca Pearls,375g,N/A,$4.10,$10.93 per kg,https://foodlandbalaklava.com.au//lines/anchor-sago-375gm
Foodland Balaklava,2025-05-04 23:56:04,Lipton English Breakfast Tea Bags,N/A,N/A,$7.35,$3.68 per 100g,https://foodlandbalaklava.com.au//lines/lipt-t-bag-english-b-fast-100s-1
Foodland Balaklava,2025-05-04 23:56:04,Lipton Ice Tea Lemon Tea Iced Tea Bottle,1.5L,was $6.30,$4.10,$2.73 per L,https://foodlandbalaklava.com.au//lines/liptonice-tea-lemon-1-5l
Foodland Balaklava,2025-05-04 23:56:04,Lipton Ice Tea Mango Iced Tea Bottle,1.5L,was $6.30,$4.10,$2.73 per L,https://foodlandbalaklava.com.au//lines/liptonice-tea-mango-1-5l
Foodland Balaklava,2025-05-04 23:56:04,Lipton Quality Black Tea,N/A,N/A,$10.10,$2.52 per 100g,https://foodlandbalaklava.com.au//lines/lipt-t-bag-quality-black-200s-1
Foodland Balaklava,2025-05-04 23:56:04,Lipton Quality Black Tea Bag 25s,50g,N/A,$2.65,$5.30 per 100g,https://foodlandbalaklava.com.au//lines/lipt-t-bag-blk-tea-quality-25s
Foodland Balaklava,2025-05-04 23:56:04,Listerine Total Care Mouthwash,500mL,was $10.50,$8.25,$1.65 per 100mL,https://foodlandbalaklava.com.au//lines/listerine-total-care-500ml
Foodland Balaklava,2025-05-04 23:56:04,Listerine Zero Alcohol Antibacterial Mouthwash Citrus Fruits,500mL,was $8.40,$6.60,$1.32 per 100mL,https://foodlandbalaklava.com.au//lines/listerine-citrus-fruits-500ml
Foodland Balaklava,2025-05-04 23:56:04,Listerine Zero Alcohol Antibacterial Mouthwash Less Intense Taste,250mL,was $5.80,$4.55,$1.82 per 100mL,https://foodlandbalaklava.com.au//lines/listerine-zero-cln-mint-250ml
Foodland Balaklava,2025-05-04 23:56:04,Lit N Easy Savoury Beef Rissoles,455g,N/A,$13.90,$3.05 per 100g,https://foodlandbalaklava.com.au//lines/lite-n-easy-bf-rissole-455gm
Foodland Balaklava,2025-05-04 23:56:04,Little Bellies Baby Puffs Bursting Blueberry,12g,was $2.10,$1.65,$13.75 per 100g,https://foodlandbalaklava.com.au//lines/b-bellies-puffs-blubry-12gm
Foodland Balaklava,2025-05-04 23:56:04,Little Bellies Organic Apple & Cinnamon Puffs,12g,was $2.10,$1.65,$13.75 per 100g,https://foodlandbalaklava.com.au//lines/b-bellies-puffs-apl-cin-12gm
Foodland Balaklava,2025-05-04 23:56:04,Little Vili's Mixed Gourmet Party Pastries,700g,N/A,$20.00,$2.86 per 100g,https://foodlandbalaklava.com.au//lines/vilis-little-gmet-pastrie700gm
Foodland Balaklava,2025-05-04 23:56:04,Lotus Biscoff Biscuit,250g,N/A,$4.75,$1.90 per 100g,https://foodlandbalaklava.com.au//lines/lotus-biscoff-biscuit-250g
Foodland Balaklava,2025-05-04 23:56:04,Lotus Biscoff Sandwich Biscuits Biscoff Cream,110g,was $3.40,$3.00,$2.73 per 100g,https://foodlandbalaklava.com.au//lines/lotus-bisc-biscoff-sw-crm110gm
Foodland Balaklava,2025-05-04 23:56:04,Lotus Biscoff Sprd Smth,720g,was $12.60,$10.80,$1.50 per 100g,https://foodlandbalaklava.com.au//lines/lotus-biscoff-sprd-smth-720g-1
Foodland Balaklava,2025-05-04 23:56:04,Love'em™ Chicken Training Treats Treats,200g,was $4.20,$3.80,$1.90 per 100g,https://foodlandbalaklava.com.au//lines/loveem-train-treat-chkn-200gm
Foodland Balaklava,2025-05-04 23:56:04,Lynx Antiperspirant Roll On Africa,50mL,was $4.75,$4.10,$8.20 per 100mL,https://foodlandbalaklava.com.au//lines/lynx-roll-on-africa-50ml
Foodland Balaklava,2025-05-04 23:56:04,Lynx Body Wash Africa,1L,N/A,$13.85,$1.38 per 100mL,https://foodlandbalaklava.com.au//lines/lynx-b-wsh-africa-1l
Foodland Balaklava,2025-05-04 23:56:04,Lynx Deodorant Body Spray 100% Fresh Fragrance & 48hr Odour Protection Black Aerosol,165mL,N/A,$8.00,$4.85 per 100mL,https://foodlandbalaklava.com.au//lines/lynx-deod-black-165ml
Foodland Balaklava,2025-05-04 23:56:04,Lynx Deodorant Body Spray 100% Fresh Fragrance & 48hr Odour Protection Ice Chill Aerosol,165mL,N/A,$8.00,$4.85 per 100mL,https://foodlandbalaklava.com.au//lines/lynx-deod-bdy-spry-i-chl-165ml-1
Foodland Balaklava,2025-05-04 23:56:04,Lynx Deodorant Roll On Black,50mL,was $4.75,$4.10,$8.20 per 100mL,https://foodlandbalaklava.com.au//lines/lynx-roll-on-black-50ml
Foodland Balaklava,2025-05-04 23:56:04,M&​M's Cookie 6pk,N/A,N/A,$4.50,$0.75 Each,https://foodlandbalaklava.com.au//lines/m-m-s-minis-cookie-6pk
Foodland Balaklava,2025-05-04 23:56:04,M&​M's Peanut Milk Chocolate Snack Bag,46g,was $2.65,$1.25,$2.72 per 100g,https://foodlandbalaklava.com.au//lines/m-m-s-peanut-46gm
Foodland Balaklava,2025-05-04 23:56:04,M&​M’​S Crispy Milk Chocolate Snack & Share Bag,145g,was $7.35,$5.40,$3.72 per 100g,https://foodlandbalaklava.com.au//lines/m-ms-crispy-145gm
Foodland Balaklava,2025-05-04 23:56:04,M&​M’​S Fun Size Milk Chocolate 11 Mini Snack Bags,148g,was $6.00,$5.40,$3.65 per 100g,https://foodlandbalaklava.com.au//lines/m-ms-milk-choc-funsize-148gm
Foodland Balaklava,2025-05-04 23:56:04,M&​M’​S Peanut Milk Chocolate Snack & Share Party Bag,650g,N/A,$11.50,$1.77 per 100g,https://foodlandbalaklava.com.au//lines/m-ms-peanut-650g
Foodland Balaklava,2025-05-04 23:56:04,M/​Beer Pate Dck/​Orng,110g,was $7.65,$6.95,$63.18 per kg,https://foodlandbalaklava.com.au//lines/m-beer-pate-dck-orng-110gm
Foodland Balaklava,2025-05-04 23:56:04,Ma Baker Baking Mallows Multi-Colour,150g,N/A,$3.15,$2.10 per 100g,https://foodlandbalaklava.com.au//lines/ma-baker-mallow-mult-col-150gm
Foodland Balaklava,2025-05-04 23:56:04,Maggi 2 Minute Instant Noodles Chicken Wholegrain Flavour,5 x 69g,was $5.00,$4.10,$1.19 per 100g,https://foodlandbalaklava.com.au//lines/maggi-2-min-ndl-w-grn-chk5x69g
Foodland Balaklava,2025-05-04 23:56:04,Maggi Dry Recipe Bases -43g:​Butter Chicken:​.:​29 Gram 29g,20g,was $1.95,$1.70,$5.86 per 100g,https://foodlandbalaklava.com.au//lines/maggi-cul-butter-chkn-hsr-29gm
Foodland Balaklava,2025-05-04 23:56:04,Maggi Dry Recipe Bases -43g:​Satay Chicken:​.:​43 Gram 43g,20g,was $1.95,$1.70,$3.95 per 100g,https://foodlandbalaklava.com.au//lines/maggi-cul-satay-chkn-gf-43gm
Foodland Balaklava,2025-05-04 23:56:04,Maggi Fusian Noodles Hot Spicy Multipack,73g,was $5.25,$4.10,$1.12 per 100g,https://foodlandbalaklava.com.au//lines/maggi-ndl-fus-hot-spcy-5x73gm
Foodland Balaklava,2025-05-04 23:56:04,Maggi Gravy Rich Mix,2kg,N/A,$36.40,$1.82 per 100g,https://foodlandbalaklava.com.au//lines/maggi-gravy-rich-mix-2kg-1
Foodland Balaklava,2025-05-04 23:56:04,Maggi Mediterranean Meatballs Recipe Base,38g,was $1.95,$1.70,$4.47 per 100g,https://foodlandbalaklava.com.au//lines/maggi-r-bse-med-meatballs-38g
Foodland Balaklava,2025-05-04 23:56:04,Maggi Noodles Fusian Soupy Noodles Japanese Teriyaki,62g,was $2.65,$2.45,$3.95 per 100g,https://foodlandbalaklava.com.au//lines/maggi-cup-ndl-jap-teri-chk-62g
Foodland Balaklava,2025-05-04 23:56:04,Maggi Recipe Base - Dry Culinary Side Dishes Cheesy Broccoli + Cauliflower Natural,31g,was $1.95,$1.70,$0.55 per 10g,https://foodlandbalaklava.com.au//lines/maggi-r-bse-chsy-bro-caul-31gm
Foodland Balaklava,2025-05-04 23:56:04,Maggi Slow Cook Sauce:​Beef Casserole:​.:​35 Gram,35g,was $1.95,$1.70,$4.86 per 100g,https://foodlandbalaklava.com.au//lines/maggi-cul-rich-beef-45gm
Foodland Balaklava,2025-05-04 23:56:04,Magnum Ice Cream Sticks Velvety Smooth White Vanilla Ice Cream Wrapped In Thick Cracking Magnum White Chocolate,428mL,was $12.00,$6.00,$1.40 per 100mL,https://foodlandbalaklava.com.au//lines/str-m-p-magnum-white-4s-428ml
Foodland Balaklava,2025-05-04 23:56:05,Magnum Mini Ice Cream Sticks Velvety Smooth Classic Vanilla Ice Cream Covered In Thick Cracking Magnum Milk Chocolate,360mL,was $12.00,$6.00,$1.67 per 100mL,https://foodlandbalaklava.com.au//lines/str-m-p-magnum-mini-clas-6s
Foodland Balaklava,2025-05-04 23:56:05,Mainland Cheese & Crackers Light Tasty Cheddar With Water Crackers,50g,was $3.15,$2.80,$56.00 per kg,https://foodlandbalaklava.com.au//lines/m-land-chse-onthego-light-50gm
Foodland Balaklava,2025-05-04 23:56:05,Mainland Cheese & Lavosh Crackers Caramelised Onion,36g,was $3.15,$2.80,$77.78 per kg,https://foodlandbalaklava.com.au//lines/m-land-otg-chs-car-oni-lvsh36g
Foodland Balaklava,2025-05-04 23:56:05,Mainland Colby Cheese Block,500g,was $11.55,$8.00,$16.00 per kg,https://foodlandbalaklava.com.au//lines/m-land-chse-colby-500gm
Foodland Balaklava,2025-05-04 23:56:05,Mainland Edam Cheese Block,250g,N/A,$7.35,$29.40 per kg,https://foodlandbalaklava.com.au//lines/m-land-chse-edam-250gm
Foodland Balaklava,2025-05-04 23:56:05,Mainland Garlic & Herb Butter Stick,125g,was $4.20,$3.60,$2.88 per 100g,https://foodlandbalaklava.com.au//lines/m-land-btr-stck-garl-hrb-125gm
Foodland Balaklava,2025-05-04 23:56:05,Mainland Garlic Butter Stick,125g,was $4.20,$3.60,$2.88 per 100g,https://foodlandbalaklava.com.au//lines/m-land-btr-stck-garlic-125gm
Foodland Balaklava,2025-05-04 23:56:05,Mainland On The Go Tasty Cheese And Crackers,120g,was $7.35,$5.65,$47.08 per kg,https://foodlandbalaklava.com.au//lines/m-land-otg-tasty-wtr-crk-120gm
Foodland Balaklava,2025-05-04 23:56:05,Mainland Swiss Natural Cheese Slices,180g,N/A,$6.00,$33.33 per kg,https://foodlandbalaklava.com.au//lines/m-land-chse-swiss-nat-slc180gm
Foodland Balaklava,2025-05-04 23:56:05,Mainland Tasty Aged Cheddar Cheese Block,500g,was $11.55,$8.00,$16.00 per kg,https://foodlandbalaklava.com.au//lines/m-land-cheese-tasty-500gm
Foodland Balaklava,2025-05-04 23:56:05,Majan’​S Sour Cream & Herb Vegie Chips,90g,N/A,$4.50,$5.00 per 100g,https://foodlandbalaklava.com.au//lines/majans-infuz-veg-str-s-crm90gm
Foodland Balaklava,2025-05-04 23:56:05,Maltesers Chocolate Fun Size Snack & Share Bag 11 Packs,132g,was $6.00,$5.40,$4.09 per 100g,https://foodlandbalaklava.com.au//lines/maltesers-funsize-132gm
Foodland Balaklava,2025-05-04 23:56:05,Marathon Puffy Dogs,500g,N/A,$9.60,$1.92 per 100g,https://foodlandbalaklava.com.au//lines/marathon-puffy-dogs-500gm
Foodland Balaklava,2025-05-04 23:56:05,Marbig Pencil Case With Name,N/A,N/A,$4.65,N/A,https://foodlandbalaklava.com.au//lines/marbig-pencil-case-with-name
Foodland Balaklava,2025-05-04 23:56:05,Marcels Pancakes Petite,24g,N/A,$6.60,$3.30 per 100g,https://foodlandbalaklava.com.au//lines/marcel-pancake-petite-200g
Foodland Balaklava,2025-05-04 23:56:05,Marco Polo Morello Cherries,670g,N/A,$4.90,$7.31 per kg,https://foodlandbalaklava.com.au//lines/m-polo-cherry-morello-pit-670gm
Foodland Balaklava,2025-05-04 23:56:05,Marion’​S Kitchen Thai Green Curry Kit,419g,N/A,$8.95,$2.14 per 100g,https://foodlandbalaklava.com.au//lines/m-kitch-kit-curry-grn-419gm
Foodland Balaklava,2025-05-04 23:56:05,Mars Raspberry Smash Chocolate Bar Caramel Nougat,47g,was $2.65,$1.25,$2.66 per 100g,https://foodlandbalaklava.com.au//lines/mars-bar-raspberry-smash-47g
Foodland Balaklava,2025-05-04 23:56:05,Massel Chicken Stock Cubes 10pk,N/A,was $4.20,$3.60,$0.34 per 10g,https://foodlandbalaklava.com.au//lines/massel-ultracube-chicken-10s
Foodland Balaklava,2025-05-04 23:56:05,Massel Plant Based Stock Vegetable Style,1L,was $4.40,$3.00,$0.30 per 100mL,https://foodlandbalaklava.com.au//lines/massel-stock-veg-org-1l
Foodland Balaklava,2025-05-04 23:56:05,Massel Stock Chicken Salt Reduced Organic,1L,was $4.40,$3.00,$0.30 per 100mL,https://foodlandbalaklava.com.au//lines/massel-stock-chicken-sr-org-1l
Foodland Balaklava,2025-05-04 23:56:05,Masterfoods All Spice Ground,30g,N/A,$3.75,$1.25 per 10g,https://foodlandbalaklava.com.au//lines/mf-allspice-ground-30gm
Foodland Balaklava,2025-05-04 23:56:05,Masterfoods Aussie Farmers Tomato Sauce Bottle,500mL,N/A,$5.15,$1.03 per 100mL,https://foodlandbalaklava.com.au//lines/mf-sce-tomat-sqzgf-aus-g-500ml
Foodland Balaklava,2025-05-04 23:56:05,Masterfoods Australian Mustard,175g,N/A,$4.75,$2.71 per 100g,https://foodlandbalaklava.com.au//lines/mf-mustard-australian-175gm
Foodland Balaklava,2025-05-04 23:56:05,Masterfoods Barbecue Sauce Bottle,500mL,N/A,$4.20,$0.84 per 100mL,https://foodlandbalaklava.com.au//lines/mf-sce-bbq-sqzy-500ml
Foodland Balaklava,2025-05-04 23:56:05,Masterfoods Barbecue Sauce Bottle,920mL,N/A,$6.85,$0.74 per 100mL,https://foodlandbalaklava.com.au//lines/mf-sce-bbq-sqzy-920ml
Foodland Balaklava,2025-05-04 23:56:05,Masterfoods Barbecue Sauce Reduced Salt & Sugar,475mL,N/A,$4.20,$0.88 per 100mL,https://foodlandbalaklava.com.au//lines/mf-sce-bbq-red-salt-sqzy-475ml
Foodland Balaklava,2025-05-04 23:56:05,Masterfoods Born In The Flames Spicy Buffalo Wing Sauce,500mL,N/A,$6.85,$1.37 per 100mL,https://foodlandbalaklava.com.au//lines/mf-sce-spicy-buff-wing-500ml
Foodland Balaklava,2025-05-04 23:56:05,Masterfoods Butter Chicken Recipe Base,175g,was $3.15,$2.65,$1.51 per 100g,https://foodlandbalaklava.com.au//lines/mf-rec-bse-butter-chick-175gm
Foodland Balaklava,2025-05-04 23:56:05,Masterfoods Corn Relish,250g,N/A,$4.75,$1.90 per 100g,https://foodlandbalaklava.com.au//lines/mf-relish-clas-corn-250gm
Foodland Balaklava,2025-05-04 23:56:05,Masterfoods Creamy Thai Chicken Stir Fry Recipe Base,175g,was $3.15,$2.65,$1.51 per 100g,https://foodlandbalaklava.com.au//lines/mf-rec-bse-crmy-thai-chk-175gm
Foodland Balaklava,2025-05-04 23:56:05,Masterfoods Cumin Seeds Whole,28g,N/A,$4.60,$1.64 per 10g,https://foodlandbalaklava.com.au//lines/mf-cumin-seed-whole-28gm
Foodland Balaklava,2025-05-04 23:56:05,Masterfoods Garlic Powder,45g,N/A,$3.70,$0.82 per 10g,https://foodlandbalaklava.com.au//lines/mf-garlic-powder-45g
Foodland Balaklava,2025-05-04 23:56:05,Masterfoods Ground Cinnamon,28g,N/A,$3.70,$1.32 per 10g,https://foodlandbalaklava.com.au//lines/mf-cinnamon-grd-28gm
Foodland Balaklava,2025-05-04 23:56:05,Masterfoods Honey Mustard Chicken Recipe Base,175g,was $3.15,$2.65,$1.51 per 100g,https://foodlandbalaklava.com.au//lines/mf-rec-bse-hny-must-chick-175g
Foodland Balaklava,2025-05-04 23:56:05,Masterfoods Horseradish Cream,175g,N/A,$4.75,$2.71 per 100g,https://foodlandbalaklava.com.au//lines/mf-horseradish-cream-175gm
Foodland Balaklava,2025-05-04 23:56:05,Masterfoods Mild Chicken Curry Cooking Sauce,490g,was $5.15,$4.50,$0.92 per 100g,https://foodlandbalaklava.com.au//lines/mf-sce-s-c-chk-curr-mild-490g
Foodland Balaklava,2025-05-04 23:56:05,Masterfoods Mild English Mustard,175g,N/A,$4.75,$2.71 per 100g,https://foodlandbalaklava.com.au//lines/mf-mustard-english-mild-175gm
Foodland Balaklava,2025-05-04 23:56:05,Masterfoods Onion Salt Blend,68g,N/A,$3.70,$0.54 per 10g,https://foodlandbalaklava.com.au//lines/mf-salt-onion-68gm
Foodland Balaklava,2025-05-04 23:56:05,Masterfoods Pizza Topper Herb Blend,18g,N/A,$3.70,$2.06 per 10g,https://foodlandbalaklava.com.au//lines/mf-pizza-topper-18gm
Foodland Balaklava,2025-05-04 23:56:05,Masterfoods Sweet Chilli Sauce Bottle,500mL,N/A,$5.05,$1.01 per 100mL,https://foodlandbalaklava.com.au//lines/mf-sce-chilli-swt-sqzy-500ml
Foodland Balaklava,2025-05-04 23:56:05,Masterfoods Teriyaki Marinade,375g,N/A,$3.60,$0.96 per 100g,https://foodlandbalaklava.com.au//lines/mf-marinade-teriyaki-375gm
Foodland Balaklava,2025-05-04 23:56:05,Masterfoods Tomato Relish,250g,N/A,$4.75,$1.90 per 100g,https://foodlandbalaklava.com.au//lines/mf-relish-cafe-tomato-250gm
Foodland Balaklava,2025-05-04 23:56:05,Masterfoods™ Mint Jelly,290g,N/A,$3.40,$1.17 per 100g,https://foodlandbalaklava.com.au//lines/mf-mint-jelly-290gm
Foodland Balaklava,2025-05-04 23:56:05,Maximus Zero Sugar Blue,1L,was $4.20,$3.60,$3.60 per L,https://foodlandbalaklava.com.au//lines/maximus-blue-zero-sugar-1l
Foodland Balaklava,2025-05-04 23:56:05,Mayan’​S Infuzions Salt & Vinegar Veggie Straws,90g,N/A,$4.50,$5.00 per 100g,https://foodlandbalaklava.com.au//lines/majans-infuz-veg-str-s-v-90gm
Foodland Balaklava,2025-05-04 23:56:05,Mccain Baby Peas,1kg,N/A,$7.90,$7.90 per kg,https://foodlandbalaklava.com.au//lines/mcc-peas-baby-premium-1kg
Foodland Balaklava,2025-05-04 23:56:05,Mccain Beef And Bacon Pasta Bake Portrait,400g,N/A,$5.60,$1.40 per 100g,https://foodlandbalaklava.com.au//lines/mcc-redbox-bf-bcn-pasta-400gm
Foodland Balaklava,2025-05-04 23:56:06,Mccain Healthy Choice Butter Chicken,300g,was $5.25,$4.50,$1.50 per 100g,https://foodlandbalaklava.com.au//lines/mcc-h-choice-butter-chkn-300gm
Foodland Balaklava,2025-05-04 23:56:06,Mccain Healthy Choice Spinach Ravioli,350g,was $5.25,$4.50,$1.29 per 100g,https://foodlandbalaklava.com.au//lines/mcc-h-choice-spin-rav-350gm
Foodland Balaklava,2025-05-04 23:56:06,Mccain Healthy Choice Tomato & Bacon Penne,300g,was $5.25,$4.50,$1.50 per 100g,https://foodlandbalaklava.com.au//lines/mcc-h-choice-pen-tom-bcn-300gm
Foodland Balaklava,2025-05-04 23:56:06,Mccain Herb & Parmesan Flavoured Cauliflower Bites,230mL,N/A,$7.90,$3.43 per 100g,https://foodlandbalaklava.com.au//lines/pickers-bites-cauliflwr-230g
Foodland Balaklava,2025-05-04 23:56:06,Mccain Margherita Family Pizza,500g,N/A,$8.50,$1.70 per 100g,https://foodlandbalaklava.com.au//lines/mcc-pizza-margherita-500gm
Foodland Balaklava,2025-05-04 23:56:06,Mccain Pickers Italian Herb Mozzeralla Mini Sticks,230g,N/A,$7.90,$3.43 per 100g,https://foodlandbalaklava.com.au//lines/pickers-sticks-mozz-ital-230g
Foodland Balaklava,2025-05-04 23:56:06,Mccain Pub Size Bangers Mash,500g,was $10.00,$8.60,$1.72 per 100g,https://foodlandbalaklava.com.au//lines/mcc-man-size-bangers-n-mash-500g
Foodland Balaklava,2025-05-04 23:56:06,Mccain Pub Style Onion Rings,500g,N/A,$6.10,$12.20 per kg,https://foodlandbalaklava.com.au//lines/mcc-p-styl-onion-rings-500gm
Foodland Balaklava,2025-05-04 23:56:06,Mccain Quick Cook Hash Browns,525g,N/A,$6.10,$1.16 per 100g,https://foodlandbalaklava.com.au//lines/mcc-qc-hash-browns-525gm
Foodland Balaklava,2025-05-04 23:56:06,Mccain Red Box Dinner Chicken Parmigiana,320g,was $6.50,$6.00,$1.88 per 100g,https://foodlandbalaklava.com.au//lines/mcc-redbox-chic-parmagn-320gm
Foodland Balaklava,2025-05-04 23:56:06,Mccain Red Box Dinner Lasagne 400,N/A,N/A,$5.60,$1.40 per 100g,https://foodlandbalaklava.com.au//lines/mcc-redbox-lasagne-400gm
Foodland Balaklava,2025-05-04 23:56:06,Mccain Red Box Dinner Roast Chicken 320,N/A,was $6.50,$6.00,$1.88 per 100g,https://foodlandbalaklava.com.au//lines/mcc-redbox-rst-chicken-320gm
Foodland Balaklava,2025-05-04 23:56:06,Mccain Rustica Sourdough Salami & Double Smoked Leg Ham Pizza,430g,was $11.55,$10.20,$2.37 per 100g,https://foodlandbalaklava.com.au//lines/mcc-pizza-rustica-sl-ham-430gm
Foodland Balaklava,2025-05-04 23:56:06,Mccain Rustica Supreme Pizza,450g,was $11.55,$10.20,$2.27 per 100g,https://foodlandbalaklava.com.au//lines/mcc-pizza-rustica-supreme450gm
Foodland Balaklava,2025-05-04 23:56:06,Mccain Rustica Thin & Crispy Spinach & Mozzarella Pizza,380g,was $11.55,$10.20,$2.68 per 100g,https://foodlandbalaklava.com.au//lines/mcc-pizza-rustica-spn-mz-380gm
Foodland Balaklava,2025-05-04 23:56:06,Mccain Super Fries Crinkle Cut,900g,N/A,$4.30,$4.78 per kg,https://foodlandbalaklava.com.au//lines/mcc-chips-s-fry-crinkle-900gm
Foodland Balaklava,2025-05-04 23:56:06,Mccain Super Fries Straight Cut,900g,N/A,$4.30,$4.78 per kg,https://foodlandbalaklava.com.au//lines/mcc-chips-s-fry-strght-900gm
Foodland Balaklava,2025-05-04 23:56:06,Mccain Vegetables Premium Baby Peas 500,N/A,was $3.90,$3.80,$7.60 per kg,https://foodlandbalaklava.com.au//lines/mcc-peas-baby-premium-500gm
Foodland Balaklava,2025-05-04 23:56:06,Mccor Chilli Powder,38g,N/A,$3.50,$0.92 per 10g,https://foodlandbalaklava.com.au//lines/mccor-chilli-powder-38g
Foodland Balaklava,2025-05-04 23:56:06,Mccor Garlic Powder,55g,N/A,$3.60,$0.65 per 10g,https://foodlandbalaklava.com.au//lines/mccor-garlic-powder-55g
Foodland Balaklava,2025-05-04 23:56:06,Mccor Ginger Ground,26g,N/A,$3.10,$1.19 per 10g,https://foodlandbalaklava.com.au//lines/mccor-ginger-ground-26g
Foodland Balaklava,2025-05-04 23:56:06,Mccor Paprika,40g,N/A,$2.90,$0.72 per 10g,https://foodlandbalaklava.com.au//lines/mccor-paprika-40g-1
Foodland Balaklava,2025-05-04 23:56:06,Mccormick Black Peppercorn Adjustable Grinder,35g,N/A,$2.70,$0.77 per 10g,https://foodlandbalaklava.com.au//lines/mccor-pep-corn-adj-grndr-35gm
Foodland Balaklava,2025-05-04 23:56:06,Mccormick Chili Flakes,29g,N/A,$3.40,$1.17 per 10g,https://foodlandbalaklava.com.au//lines/mccor-red-chilli-flakes-29g
Foodland Balaklava,2025-05-04 23:56:06,Mccormick Ground Cummin,32g,N/A,$3.20,$1.00 per 10g,https://foodlandbalaklava.com.au//lines/mccor-cumin-ground-32g
Foodland Balaklava,2025-05-04 23:56:06,Mccormick Parsley Leaves,5g,N/A,$2.40,$0.60 per 10g,https://foodlandbalaklava.com.au//lines/mccor-parsley-leaves-5g
Foodland Balaklava,2025-05-04 23:56:06,McCormick Slow Cook Mild Chicken Curry,40g,was $1.95,$1.55,$0.39 per 10g,https://foodlandbalaklava.com.au//lines/mccor-s-c-mild-chken-cury-40gm-1
Foodland Balaklava,2025-05-04 23:56:06,Mcken Cinnamon Grnd,40g,was $3.15,$2.75,$0.69 per 10g,https://foodlandbalaklava.com.au//lines/mcken-cinnamon-grnd-40gm
Foodland Balaklava,2025-05-04 23:56:06,Mcken Grndr Salt Rock Pnk,100g,was $4.95,$4.25,$4.25 per 100g,https://foodlandbalaklava.com.au//lines/mcken-grndr-salt-rock-pnk-100g
Foodland Balaklava,2025-05-04 23:56:06,Mckenzie's Baking Powder,300g,N/A,$5.85,$1.95 per 100g,https://foodlandbalaklava.com.au//lines/mcken-baking-powder-300gm
Foodland Balaklava,2025-05-04 23:56:06,Mckenzie's Ground Black Pepper,50g,N/A,$3.35,$0.67 per 10g,https://foodlandbalaklava.com.au//lines/mcken-pepper-black-ground-50gm
Foodland Balaklava,2025-05-04 23:56:06,Mckenzies Baking Powder,125g,N/A,$3.00,$2.40 per 100g,https://foodlandbalaklava.com.au//lines/mcken-baking-powder-125gm
Foodland Balaklava,2025-05-04 23:56:06,Mckenzies Bi Carb Soda,350g,N/A,$4.75,$1.36 per 100g,https://foodlandbalaklava.com.au//lines/mcken-bi-carb-soda-350gm
Foodland Balaklava,2025-05-04 23:56:06,Mckenzies Black Pepper Grinder,55g,N/A,$4.95,$0.90 per 10g,https://foodlandbalaklava.com.au//lines/mcken-grndr-whl-blk-peppr-55gm
Foodland Balaklava,2025-05-04 23:56:06,Mckenzies Fine Desiccated Coconut,250g,N/A,$3.90,$15.60 per kg,https://foodlandbalaklava.com.au//lines/mcken-coconut-250gm
Foodland Balaklava,2025-05-04 23:56:06,Mckenzies Mixed Spice,40g,was $3.15,$2.75,$0.69 per 10g,https://foodlandbalaklava.com.au//lines/mcken-mixed-spice-40gm
Foodland Balaklava,2025-05-04 23:56:06,Mckenzies Tapioca Flour,300g,N/A,$4.20,$14.00 per kg,https://foodlandbalaklava.com.au//lines/mcken-flour-tapioca-300gm-1
Foodland Balaklava,2025-05-04 23:56:06,Mcvities Biscuits Raspberry Top,100g,N/A,$2.65,$2.65 per 100g,https://foodlandbalaklava.com.au//lines/mcvities-rastops-100gm
Foodland Balaklava,2025-05-04 23:56:06,Mcvities Milk Chocolate Hobnobs,262g,N/A,$5.80,$2.21 per 100g,https://foodlandbalaklava.com.au//lines/mcvities-hobnobs-mlk-chc-262gm
Foodland Balaklava,2025-05-04 23:56:06,Medix Eucalyptus Spray #​200gm,N/A,N/A,$10.80,$5.40 per 100g,https://foodlandbalaklava.com.au//lines/medix-eucalyptus-spray-200gm
Foodland Balaklava,2025-05-04 23:56:06,Medix Ibuprofen Caplets 24,N/A,N/A,$3.90,$0.16 Each,https://foodlandbalaklava.com.au//lines/medix-ibuprofn-caplets-24s
Foodland Balaklava,2025-05-04 23:56:06,MELA MEATS CHICKEN YIROS MEAT,450g,N/A,$12.99,N/A,https://foodlandbalaklava.com.au//lines/mela-chk-marin-strps-frs-450gm
Foodland Balaklava,2025-05-04 23:56:06,Mentholatum Deep Heat Back Patches 2,N/A,was $10.50,$9.65,$96.50 per 100mL,https://foodlandbalaklava.com.au//lines/deep-heat-back-patch-2pk
Foodland Balaklava,2025-05-04 23:56:06,Mentos Candy Fruit 3 X Rolls Value Pack Chewy Dragees,112.5g,was $3.60,$3.20,$2.83 per 100g,https://foodlandbalaklava.com.au//lines/mentos-fruit-m-pk-3x37-5gm
Foodland Balaklava,2025-05-04 23:56:06,Mentos Watermelon,37.5g,was $1.70,$1.35,$3.65 per 100g,https://foodlandbalaklava.com.au//lines/mentos-watermelon-37-5g
Foodland Balaklava,2025-05-04 23:56:06,Menz Fruchos,150g,was $7.35,$6.55,$4.37 per 100g,https://foodlandbalaklava.com.au//lines/menz-fruchoc-7007-150gm
Foodland Balaklava,2025-05-04 23:56:06,Menz Jeli Chocs Choccy Snakes,130g,was $5.50,$4.75,$3.65 per 100g,https://foodlandbalaklava.com.au//lines/menz-jelichocs-chcy-snkes130gm
Foodland Balaklava,2025-05-04 23:56:06,Menz Peanutchoc,150g,was $6.70,$5.90,$3.93 per 100g,https://foodlandbalaklava.com.au//lines/menz-choc-peanut-150gm
Foodland Balaklava,2025-05-04 23:56:07,Menz Turkish Delight,150g,was $6.70,$5.90,$3.93 per 100g,https://foodlandbalaklava.com.au//lines/menz-turkish-delight-150gm
Foodland Balaklava,2025-05-04 23:56:07,Mersey Valley Classic Cheddar,235g,was $10.40,$9.60,$40.85 per kg,https://foodlandbalaklava.com.au//lines/m-vall-chse-vint-classic-235gm
Foodland Balaklava,2025-05-04 23:56:07,Mf Spring Water Pet,600mL,N/A,$1.15,$0.19 per 100mL,https://foodlandbalaklava.com.au//lines/mf-spring-water-pet-600ml
Foodland Balaklava,2025-05-04 23:56:07,Mighty Soft Sliced White Bread Sandwich,700g,was $5.00,$3.90,$0.56 per 100g,https://foodlandbalaklava.com.au//lines/mighty-soft-wht-s-wich-700gm
Foodland Balaklava,2025-05-04 23:56:07,Mike's Beef Jerky Original,95g,N/A,$11.00,$12.22 per 100g,https://foodlandbalaklava.com.au//lines/mike-s-beef-jerky-original-90g
Foodland Balaklava,2025-05-04 23:56:07,Mildura Apple & Guava,3L,N/A,$5.90,$1.97 per L,https://foodlandbalaklava.com.au//lines/mildura-drk-apl-guava-3l
Foodland Balaklava,2025-05-04 23:56:07,Mildura Orange & Passionfruit Fruit Drink,500mL,was $3.30,$3.10,$6.20 per L,https://foodlandbalaklava.com.au//lines/mildura-jce-org-p-fruit-500ml
Foodland Balaklava,2025-05-04 23:56:07,Mildura Orange Fruit Drink,3L,N/A,$5.90,$1.97 per L,https://foodlandbalaklava.com.au//lines/mildura-drk-orange-25-3l
Foodland Balaklava,2025-05-04 23:56:07,Mildura Orange Mango Fruit Drink,3L,N/A,$5.90,$1.97 per L,https://foodlandbalaklava.com.au//lines/mildura-drk-org-mango-25-3l
Foodland Balaklava,2025-05-04 23:56:07,Mildura Orange Passionfruit Fruit Drink,3L,N/A,$5.90,$1.97 per L,https://foodlandbalaklava.com.au//lines/mildura-drk-org-pass-25-3l
Foodland Balaklava,2025-05-04 23:56:07,Milklab Almond Milk,1L,N/A,$5.80,$5.80 per L,https://foodlandbalaklava.com.au//lines/milklab-milk-almnd-1l
Foodland Balaklava,2025-05-04 23:56:07,Milky Way Milk Chocolate Fun Size Sharepack 15 Pieces,180g,was $6.00,$5.40,$3.00 per 100g,https://foodlandbalaklava.com.au//lines/milky-way-funsize-180gm
Foodland Balaklava,2025-05-04 23:56:07,Milton Concentrated Anti-Bacterial Solution,500mL,N/A,$11.55,$2.31 per 100mL,https://foodlandbalaklava.com.au//lines/milton-antibact-sol-conc-500ml
Foodland Balaklava,2025-05-04 23:56:07,Mirabella 5 Watt Led Warm White Light Globes,N/A,was $14.44,$11.70,$5.85 Each,https://foodlandbalaklava.com.au//lines/mira-led-gls-es-5w-2700k-ww2pk
Foodland Balaklava,2025-05-04 23:56:07,Mission Extra Soft Original Tortillas,576g,was $4.75,$3.80,$0.66 per 100g,https://foodlandbalaklava.com.au//lines/mission-burrito-tort-8in-576gm
Foodland Balaklava,2025-05-04 23:56:07,Mission Indian Naan Bread Garlic & Herb,280g,N/A,$4.30,$1.54 per 100g,https://foodlandbalaklava.com.au//lines/mission-naan-garlic-herb-4pk
Foodland Balaklava,2025-05-04 23:56:07,Mission Round Corn Chips,N/A,N/A,$8.70,$1.74 per 100g,https://foodlandbalaklava.com.au//lines/corn-chips-clear-bag-500gm
Foodland Balaklava,2025-05-04 23:56:07,Mission Round Pizza Base Plain 2pk,200g,N/A,$4.85,$2.42 per 100g,https://foodlandbalaklava.com.au//lines/mission-pizza-base-plain-200gm
Foodland Balaklava,2025-05-04 23:56:07,Mission Salsa Chunky Medium,300g,was $4.60,$4.20,$1.40 per 100g,https://foodlandbalaklava.com.au//lines/mission-salsa-chky-med-300gm
Foodland Balaklava,2025-05-04 23:56:07,Mission Souvlaki Bread,N/A,N/A,$4.75,$1.48 per 100g,https://foodlandbalaklava.com.au//lines/mission-brd-souvlaki-pln-320gm
Foodland Balaklava,2025-05-04 23:56:07,Mission Taco Seasoning,35g,was $2.10,$1.35,$3.86 per 100g,https://foodlandbalaklava.com.au//lines/mission-taco-seasoning-s-r35gm
Foodland Balaklava,2025-05-04 23:56:07,Mitolo Chipping Potatoes,1.5kg,was $5.90,$4.00,$2.67 per kg,https://foodlandbalaklava.com.au//lines/potatoes-mitolo-chipping-1-5kg
Foodland Balaklava,2025-05-04 23:56:07,Moccona Caramel Freeze Dried Instant Coffee,95g,N/A,$15.35,$16.16 per 100g,https://foodlandbalaklava.com.au//lines/mocc-coff-instant-caramel-95gm
Foodland Balaklava,2025-05-04 23:56:07,Moccona Caramel Latte Coffee Sachets,10 x 13.7g,was $8.30,$3.95,$2.88 per 100g,https://foodlandbalaklava.com.au//lines/mocc-coff-sach-crml-latte-10s
Foodland Balaklava,2025-05-04 23:56:07,Moccona Classic Dark Roast Freeze Dried Instant Coffee,400g,N/A,$32.50,$8.12 per 100g,https://foodlandbalaklava.com.au//lines/mocc-coff-f-dry-dark-rst-400gm
Foodland Balaklava,2025-05-04 23:56:07,Moccona Classic Medium Roast Freeze Dried Instant Coffee,100g,N/A,$15.25,$15.25 per 100g,https://foodlandbalaklava.com.au//lines/mocc-coff-f-dry-classic-100gm
Foodland Balaklava,2025-05-04 23:56:07,Moccona Classic Medium Roast Refill Pack,180g,N/A,$15.75,$8.75 per 100g,https://foodlandbalaklava.com.au//lines/mocc-coff-f-dry-med-rst-rf180g
Foodland Balaklava,2025-05-04 23:56:07,Moccona Espresso Style Freeze Dried Instant Coffee,200g,was $24.80,$16.50,$8.25 per 100g,https://foodlandbalaklava.com.au//lines/mocc-coff-f-dry-espresso-200gm
Foodland Balaklava,2025-05-04 23:56:07,Moccona Espresso Style Freeze Dried Instant Coffee,400g,N/A,$32.50,$8.12 per 100g,https://foodlandbalaklava.com.au//lines/mocc-coff-f-dry-espresso-400gm
Foodland Balaklava,2025-05-04 23:56:07,Moccona Strong Cappuccino Coffee Sachets,396g,N/A,$13.65,$3.45 per 100g,https://foodlandbalaklava.com.au//lines/mocc-coff-sach-strong-capp-30s
Foodland Balaklava,2025-05-04 23:56:07,Moira Mac’​S Roast Chicken,350g,N/A,$9.00,$25.71 per kg,https://foodlandbalaklava.com.au//lines/moira-macs-chic-brst-rst-350g
Foodland Balaklava,2025-05-04 23:56:07,Monster Energy Drink Juice Mango Loco,4 x 500mL,was $16.80,$9.90,$4.95 per L,https://foodlandbalaklava.com.au//lines/monster-energy-mango-4x500ml
Foodland Balaklava,2025-05-04 23:56:07,Moondara Apricot & Almond Cream Cheese,80g,N/A,$3.40,$4.25 per 100g,https://foodlandbalaklava.com.au//lines/moondarra-frt-chs-apr-almond-80gm
Foodland Balaklava,2025-05-04 23:56:07,Morning Fresh Dish Washing Liquid,900mL,N/A,$10.00,$1.11 per 100mL,https://foodlandbalaklava.com.au//lines/morn-frsh-d-wash-liq-orig900ml-1
Foodland Balaklava,2025-05-04 23:56:07,Morning Fresh Dishwashing Liquid Lime,400mL,was $5.80,$5.50,$1.38 per 100mL,https://foodlandbalaklava.com.au//lines/morn-frsh-d-w-liq-lime-400ml
Foodland Balaklava,2025-05-04 23:56:07,Morning Fresh Dishwashing Liquid Original,400mL,was $5.80,$5.50,$1.38 per 100mL,https://foodlandbalaklava.com.au//lines/morn-frsh-d-w-liq-orig-400ml
Foodland Balaklava,2025-05-04 23:56:07,Morning Fresh Dishwashing Liquid Soft Hands Vanilla Rose,350mL,was $5.80,$5.50,$1.57 per 100mL,https://foodlandbalaklava.com.au//lines/m-fresh-soft-hnds-vanrose350ml
Foodland Balaklava,2025-05-04 23:56:07,Mortein Fast Knockdown Aerosol Multi Insect Killer,200g,N/A,$8.30,$4.15 per 100g,https://foodlandbalaklava.com.au//lines/mortein-aero-fast-knckdn-200gm
Foodland Balaklava,2025-05-04 23:56:07,Mortein Fast Knockdown Odourless Aerosol Fly & Mosquito Killer,250g,N/A,$7.70,$3.08 per 100g,https://foodlandbalaklava.com.au//lines/mortein-enrgball-fik-o-les250g
Foodland Balaklava,2025-05-04 23:56:07,Mortein Naturgard Crawling Insect Surface Spray,320g,N/A,$18.40,$5.75 per 100g,https://foodlandbalaklava.com.au//lines/mortein-n-grd-crawl-ez-rch320g
Foodland Balaklava,2025-05-04 23:56:07,Mortein Naturgard Fly & Mosquito Killer Eucalyptus Scent,320g,N/A,$12.10,$3.78 per 100g,https://foodlandbalaklava.com.au//lines/mortein-n-grd-fik-euc-pyr320gm
Foodland Balaklava,2025-05-04 23:56:07,Mother Earth Golden Baked Oaty Slice Golden Oats,240g,N/A,$3.30,$1.38 per 100g,https://foodlandbalaklava.com.au//lines/m-earth-b-oat-bar-gld-oat240gm
Foodland Balaklava,2025-05-04 23:56:07,"Mount Franklin Lightly Sparkling Water Raspberry, Multipack Cans",10 x 375mL,was $20.00,$12.35,$3.29 per L,https://foodlandbalaklava.com.au//lines/mt-frank-sprk-wtr-rasp10x375ml
Foodland Balaklava,2025-05-04 23:56:07,Mountain Dew Energised Soft Drink Bottle,1.25L,was $3.70,$3.20,$2.56 per L,https://foodlandbalaklava.com.au//lines/mountain-dew-energised-1-25l
Foodland Balaklava,2025-05-04 23:56:07,Mountain Rice Bread,200g,N/A,$4.50,$2.25 per 100g,https://foodlandbalaklava.com.au//lines/mountain-rice-bread-200g
Foodland Balaklava,2025-05-04 23:56:07,Mr Sheen Multi Surface Polish Aerosol,250g,N/A,$8.60,$3.44 per 100g,https://foodlandbalaklava.com.au//lines/mr-sheen-regular-aero-250gm
Foodland Balaklava,2025-05-04 23:56:07,"Mrs Mac's Beef, Cheese & Bacon Pies",700g,was $10.50,$7.00,$1.00 per 100g,https://foodlandbalaklava.com.au//lines/mrs-macs-pie-bf-chs-bac4pk700g
Foodland Balaklava,2025-05-04 23:56:07,Mrs Mac's Microwave Beef Pie,N/A,was $3.70,$3.10,$1.77 per 100g,https://foodlandbalaklava.com.au//lines/mrs-macs-pie-beef-m-wve-175gm
Foodland Balaklava,2025-05-04 23:56:08,"Mt. Franklin-Ko Mount Franklin Lightly Sparkling Water Lime, Multipack Cans",10 x 375mL,was $20.00,$12.35,$3.29 per L,https://foodlandbalaklava.com.au//lines/mt-frank-sprk-wtr-lime10x375ml
Foodland Balaklava,2025-05-04 23:56:08,Multix Colour Scents Handy Ties Tidy Bags Large 30 Pack | Lavender Scent,N/A,was $4.15,$3.70,$0.12 Each,https://foodlandbalaklava.com.au//lines/multix-k-tidy-scnt-lavender30s
Foodland Balaklava,2025-05-04 23:56:08,Multix Colour Scents Handy Ties Tidy Bags Large 30 Pack | Vanilla Scent,N/A,was $4.15,$3.70,$0.12 Each,https://foodlandbalaklava.com.au//lines/multix-k-tidy-scnt-vanilla-30s
Foodland Balaklava,2025-05-04 23:56:08,Multix Colour Scents Handy Ties Tidy Bags Medium 35 Pack | Lavender Scent,N/A,N/A,$4.45,$0.13 Each,https://foodlandbalaklava.com.au//lines/multix-tidybag-c-scent-lav-35s
Foodland Balaklava,2025-05-04 23:56:08,Multix Council Bin Liners Large 10 Pack,N/A,was $6.85,$6.00,$0.60 Each,https://foodlandbalaklava.com.au//lines/multix-councl-binliner240l-10s
Foodland Balaklava,2025-05-04 23:56:08,Multix Drawtight Garbage Bags 20 Pack,N/A,was $4.85,$4.00,$0.20 Each,https://foodlandbalaklava.com.au//lines/multix-garb-bg-drw-t-e-wd-rl20
Foodland Balaklava,2025-05-04 23:56:08,Multix Freezer Bags Medium 80 Pack,N/A,N/A,$3.15,$0.04 Each,https://foodlandbalaklava.com.au//lines/multix-frz-bag-tearoff-med-80s
Foodland Balaklava,2025-05-04 23:56:08,Multix Freezer Bags Small 120 Pack,N/A,N/A,$3.15,$0.03 Each,https://foodlandbalaklava.com.au//lines/multix-frz-bag-tearoff-sml120s
Foodland Balaklava,2025-05-04 23:56:08,Multix Garbage Bags 25 Pack,N/A,N/A,$4.75,$0.19 Each,https://foodlandbalaklava.com.au//lines/multix-garb-bag-e-wide-rol-25s
Foodland Balaklava,2025-05-04 23:56:08,Multix Greener Alfoil cm 30cm,30 x 10m,was $4.20,$3.50,$0.04 per cm,https://foodlandbalaklava.com.au//lines/multix-alfoil-gren-recycld-10m
Foodland Balaklava,2025-05-04 23:56:08,Multix Greener Plant Based Kitchen Tidy Bag Medium 25pk,N/A,N/A,$4.75,$0.19 Each,https://foodlandbalaklava.com.au//lines/multix-k-tidy-grn-med-25s
Foodland Balaklava,2025-05-04 23:56:08,Multix Handy Ties Garbage Bags 15 Pack,N/A,was $4.45,$4.20,$0.28 Each,https://foodlandbalaklava.com.au//lines/multix-garb-bg-w-hndl-15s
Foodland Balaklava,2025-05-04 23:56:08,Multix Handy Ties Tidy Bags Large 45 Pack,N/A,was $5.55,$4.90,$0.11 Each,https://foodlandbalaklava.com.au//lines/multix-bags-h-tie-lrg-45s
Foodland Balaklava,2025-05-04 23:56:08,Multix Handy Ties Tidy Bags Medium 50 Pack,N/A,was $5.55,$4.90,$0.10 Each,https://foodlandbalaklava.com.au//lines/multix-bags-h-tie-med-50s
Foodland Balaklava,2025-05-04 23:56:08,Multix Patty Pans Coloured Large 100 Pack,N/A,N/A,$3.30,$3.30 Units100,https://foodlandbalaklava.com.au//lines/multix-patty-pan-lge-col-100s
Foodland Balaklava,2025-05-04 23:56:08,Multix Patty Pans Foil & Paper 100 Pack,N/A,N/A,$4.50,$4.50 Units100,https://foodlandbalaklava.com.au//lines/multix-foil-paper-p-pans-100s
Foodland Balaklava,2025-05-04 23:56:08,Multix Stand Up Drawtight Clean Up Bags 3 Pack,N/A,N/A,$3.95,$1.32 Each,https://foodlandbalaklava.com.au//lines/multix-stand-up-bag-d-tite-3s
Foodland Balaklava,2025-05-04 23:56:08,Multix Super Strong Drawtight Garbage Bags 10 Pack,N/A,was $4.75,$3.50,$0.35 Each,https://foodlandbalaklava.com.au//lines/multix-garb-bg-spr-strng-10s
Foodland Balaklava,2025-05-04 23:56:08,Multix Takeaway Food Containers 6 Pack,6 x 750mL,was $5.45,$5.10,$0.85 Each,https://foodlandbalaklava.com.au//lines/multix-t-away-cont-750ml-6pk
Foodland Balaklava,2025-05-04 23:56:08,Mushrooms Cups Sliced,500g,N/A,$10.50,$52.50 per kg,https://foodlandbalaklava.com.au//lines/mushrooms-cups-sliced-500g-1
Foodland Balaklava,2025-05-04 23:56:08,Mutti Passata Tomato Puree,400g,N/A,$3.90,$9.75 per kg,https://foodlandbalaklava.com.au//lines/mutti-passata-400gm
Foodland Balaklava,2025-05-04 23:56:08,Mutti Passata Tomato Puree,700g,N/A,$5.05,$0.72 per 100g,https://foodlandbalaklava.com.au//lines/mutti-passata-700g
Foodland Balaklava,2025-05-04 23:56:08,Mutti Pizza Sauce Classica,280g,N/A,$3.70,$1.32 per 100g,https://foodlandbalaklava.com.au//lines/mutti-pizza-sauce-jar-classic-280g
Foodland Balaklava,2025-05-04 23:56:08,Mutti Polpa Finely Chopped Tomatoes,400g,N/A,$2.40,$6.00 per kg,https://foodlandbalaklava.com.au//lines/s-hurst-tom-m-polpa-f-ch-400gm
Foodland Balaklava,2025-05-04 23:56:08,My Dog Adult Wet Dog Food Classic Loaf With Juicy Lamb Trays,24 x 100g,was $39.90,$28.00,$1.17 per 100g,https://foodlandbalaklava.com.au//lines/my-dog-lamb-juicy-24x100gm
Foodland Balaklava,2025-05-04 23:56:08,My Dog Classic Loaf With Gourmet Beef,6 x 100g,was $10.50,$9.00,$1.50 per 100g,https://foodlandbalaklava.com.au//lines/my-dog-sel-gour-bf-6x100gm
Foodland Balaklava,2025-05-04 23:56:08,My Life Biocheese Cheddar Shred,200g,N/A,$9.99,$49.95 per kg,https://foodlandbalaklava.com.au//lines/bio-cheese-cheddar-shred-200g
Foodland Balaklava,2025-05-04 23:56:08,Nair Easiwax Large Wax Strips | Clear Strip | 20 Pack | Legs & Body,N/A,N/A,$11.55,$0.58 Each,https://foodlandbalaklava.com.au//lines/nair-easiwax-lge-strips-20s
Foodland Balaklava,2025-05-04 23:56:08,Nair Sensitive Mini Wax Strips | Face & Bikini | 20 Pack,N/A,N/A,$11.90,$0.60 Each,https://foodlandbalaklava.com.au//lines/nair-wax-strips-sens-mini-20s
Foodland Balaklava,2025-05-04 23:56:08,Nandos Perinaise Hot,265g,N/A,$5.05,$1.91 per 100g,https://foodlandbalaklava.com.au//lines/nandos-perinaise-hot-265gm
Foodland Balaklava,2025-05-04 23:56:08,Nanna's Sweet Bites Cookie Dough,300g,was $7.90,$7.00,$2.33 per 100g,https://foodlandbalaklava.com.au//lines/nanna-swt-bite-ckiedough-300g
Foodland Balaklava,2025-05-04 23:56:08,Nanna's Sweet Bites Jam Donut,300g,was $7.90,$7.00,$2.33 per 100g,https://foodlandbalaklava.com.au//lines/nanna-swt-bite-jam-donut-300g
Foodland Balaklava,2025-05-04 23:56:08,Nannas Secret Recipes Salted Caramel Tart,450g,N/A,$6.85,$1.52 per 100g,https://foodlandbalaklava.com.au//lines/nanna-tart-sltd-caramel-4pk
Foodland Balaklava,2025-05-04 23:56:08,Napro Palette Hair Colour 10-1 Ultra Light Ash Blonde,N/A,was $10.85,$9.50,N/A,https://foodlandbalaklava.com.au//lines/napro-pal-10-1-ash-blonde-115m
Foodland Balaklava,2025-05-04 23:56:08,Nat Chip Co S/​Salt,175g,was $5.25,$3.60,$2.06 per 100g,https://foodlandbalaklava.com.au//lines/nat-chip-co-s-salt-175gm
Foodland Balaklava,2025-05-04 23:56:08,Nat Chip Co S/​Salt&​Vin,175g,was $5.25,$3.60,$2.06 per 100g,https://foodlandbalaklava.com.au//lines/nat-chip-co-s-salt-vin-175gm
Foodland Balaklava,2025-05-04 23:56:08,Nat Chip Co S/​Slt&​Crk Pep175gm,N/A,was $5.25,$3.60,$2.06 per 100g,https://foodlandbalaklava.com.au//lines/nat-chip-co-s-slt-crk-pep175gm
Foodland Balaklava,2025-05-04 23:56:08,Nature Valley Crunchy Oats & Honey Granola Bars 6 Pack (​6x2),252g,was $7.25,$5.50,$2.18 per 100g,https://foodlandbalaklava.com.au//lines/n-valley-crnch-br-ot-hny-252gm
Foodland Balaklava,2025-05-04 23:56:08,Nature's Delight Rice Cracker Mix,500g,was $6.99,$6.40,$1.28 per 100g,https://foodlandbalaklava.com.au//lines/nocelle-rice-cracker-500gm
Foodland Balaklava,2025-05-04 23:56:08,"Nature's Gift™ Adult All Breeds Loaf Chicken, Rice & Vegetables Wet Dog Food",700g,N/A,$3.50,$0.50 per 100g,https://foodlandbalaklava.com.au//lines/nat-gift-d-fd-chk-rce-vg-700gm
Foodland Balaklava,2025-05-04 23:56:08,Nature's Gift™ Adult All Breeds Loaf Lamb Recipe With Vegetables & Pasta Wet Dog Food,700g,N/A,$3.50,$0.50 per 100g,https://foodlandbalaklava.com.au//lines/nat-gift-d-fd-lmb-psta-vg700gm
Foodland Balaklava,2025-05-04 23:56:08,"Nature's Gift™ Adult All Breeds Meatballs With Kangaroo, Sweet Potato & Peas Chilled Dog Food",700g,N/A,$6.30,$0.90 per 100g,https://foodlandbalaklava.com.au//lines/n-gift-m-bll-k-roo-s-pot-700gm
Foodland Balaklava,2025-05-04 23:56:08,Nature's Gift™ Adult All Breeds With Kangaroo & Mixed Vegetables Dry Dog Food,2.5kg,was $18.40,$14.95,$0.60 per 100g,https://foodlandbalaklava.com.au//lines/natures-gift-kangaroo-2-5kg
Foodland Balaklava,2025-05-04 23:56:08,Nature's Own Concentrated Fish Oil 4 In 1 - 60 Capsules,N/A,was $27.85,$15.45,$25.75 Units100,https://foodlandbalaklava.com.au//lines/nat-own-fish-oil-4in1-conc-60s
Foodland Balaklava,2025-05-04 23:56:08,Natures Delight Apricot Coconut (​200g),N/A,N/A,$6.99,$3.50 per 100g,https://foodlandbalaklava.com.au//lines/nocelle-apr-coconut-slice-200gm
Foodland Balaklava,2025-05-04 23:56:08,Natures Organics Fruits Conditioner Coconut & Lime,500mL,was $2.10,$1.95,$0.39 per 100mL,https://foodlandbalaklava.com.au//lines/nat-org-cond-cnut-lime-500ml
Foodland Balaklava,2025-05-04 23:56:08,Natures Organics Fruits Conditioner Wild Berry,500mL,was $2.10,$1.95,$0.39 per 100mL,https://foodlandbalaklava.com.au//lines/nat-org-cond-berry-500ml
Foodland Balaklava,2025-05-04 23:56:08,Natures Organics Turning Point 2in1 Full Body Volume & Shine Shampoo & Conditioner,400mL,was $3.15,$2.80,$0.70 per 100mL,https://foodlandbalaklava.com.au//lines/turning-pnt-2in1-body-400ml
Foodland Balaklava,2025-05-04 23:56:09,Nature’​S Delight Delicious Mix,450g,N/A,$9.99,$2.22 per 100g,https://foodlandbalaklava.com.au//lines/nocelle-delicious-mix-450gm
Foodland Balaklava,2025-05-04 23:56:09,Nectarines White Per Kg,N/A,N/A,$7.50,N/A,https://foodlandbalaklava.com.au//lines/nectarine-white-per-kg-1
Foodland Balaklava,2025-05-04 23:56:09,Nerada Organics Lemon & Ginger 40pk,N/A,N/A,$6.50,$10.83 per 100g,https://foodlandbalaklava.com.au//lines/nerada-org-lem-ging-t-bags-40-s
Foodland Balaklava,2025-05-04 23:56:09,Nerada Tea Cup Tea Bags 50's,100g,N/A,$3.90,$4.33 per 100g,https://foodlandbalaklava.com.au//lines/nerada-tea-cup-bags-50s
Foodland Balaklava,2025-05-04 23:56:09,Nescafe 98% Sugar Free Latte Coffee Sachets 10 Pack,135g,N/A,$8.00,$5.93 per 100g,https://foodlandbalaklava.com.au//lines/nescafe-sach-latte-98-s-fr10s
Foodland Balaklava,2025-05-04 23:56:09,Nescafe 98% Sugar Free Mocha Coffee Sachets 10 Pack,140g,N/A,$8.00,$5.71 per 100g,https://foodlandbalaklava.com.au//lines/nescafe-sach-mocha-98-s-fr-10s
Foodland Balaklava,2025-05-04 23:56:09,Nescafe 98% Sugar Free Vanilla Malt Latte Coffee Sachets,10 x 14g,N/A,$8.00,$5.71 per 100g,https://foodlandbalaklava.com.au//lines/nescafe-gold-sach-van-98-sf10s
Foodland Balaklava,2025-05-04 23:56:09,Nescafe Blend 43 Original,43g,N/A,$20.80,$8.32 per 100g,https://foodlandbalaklava.com.au//lines/nescafe-blend-43-250gm
Foodland Balaklava,2025-05-04 23:56:09,Nescafe Cappuccino Coffee Mixes Multipack,10 x 12.5g,N/A,$8.00,$6.40 per 100g,https://foodlandbalaklava.com.au//lines/nescafe-sach-capp-10s
Foodland Balaklava,2025-05-04 23:56:09,Nescafe Cappuccino Coffee Mixes Strong Multipack,10 x 12.5g,N/A,$8.00,$6.40 per 100g,https://foodlandbalaklava.com.au//lines/nescafe-sach-capp-strong-10s
Foodland Balaklava,2025-05-04 23:56:09,Nescafe Gold Original Instant Coffee Jar,400g,was $31.50,$28.20,$7.05 per 100g,https://foodlandbalaklava.com.au//lines/nescafe-gold-orig-jar-400gm
Foodland Balaklava,2025-05-04 23:56:09,Nescafe Iced Cappuccino Coffee Sachets 8 Pack,N/A,N/A,$8.00,$5.88 per 100g,https://foodlandbalaklava.com.au//lines/nescafe-sach-iced-capp-8pk
Foodland Balaklava,2025-05-04 23:56:09,Nescafe® Dolce Gusto® Flat White Coffee Capsules Box Of 16 Servings,187g,was $11.55,$8.50,$4.55 per 100g,https://foodlandbalaklava.com.au//lines/nescafe-d-gus-flat-white-16pk
Foodland Balaklava,2025-05-04 23:56:09,Nestle Bakers Choice Dark Choc Bits,200g,N/A,$7.35,$3.68 per 100g,https://foodlandbalaklava.com.au//lines/nes-chocbits-dark-200gm
Foodland Balaklava,2025-05-04 23:56:09,Nestle Bakers' Choice White Choc Melts,290g,N/A,$6.30,$2.17 per 100g,https://foodlandbalaklava.com.au//lines/nes-choc-melts-white-290gm
Foodland Balaklava,2025-05-04 23:56:09,"Nestle Cerelac Infant Cereal Multigrain With Banana & Apple Baby Food, From 6 Months –",200g,N/A,$6.90,$3.45 per 100g,https://foodlandbalaklava.com.au//lines/nes-cerlc-inf-mues-ban-app200g
Foodland Balaklava,2025-05-04 23:56:09,Nestle Chokito Chocolate Milk Chocolate,50g,was $2.65,$1.25,$2.50 per 100g,https://foodlandbalaklava.com.au//lines/nes-chokito-50gm
Foodland Balaklava,2025-05-04 23:56:09,Nestle Crunch Chocolate Block170g,N/A,was $7.35,$6.20,$3.65 per 100g,https://foodlandbalaklava.com.au//lines/nes-choc-crunch-170gm
Foodland Balaklava,2025-05-04 23:56:09,Nestle Kit Kat Chocolate Honeycomb Buzz Block,160g,was $7.35,$6.20,$3.88 per 100g,https://foodlandbalaklava.com.au//lines/nes-kit-kat-honycomb-buzz160gm
Foodland Balaklava,2025-05-04 23:56:09,Nestle Kit Kat Chunky Chocolate,48g,was $2.65,$1.25,$2.60 per 100g,https://foodlandbalaklava.com.au//lines/nes-kit-kat-chunky-choc-48g
Foodland Balaklava,2025-05-04 23:56:09,Nestle Kit Kat Chunky Confectionery Aero Mint,45g,was $2.65,$1.25,$2.78 per 100g,https://foodlandbalaklava.com.au//lines/nes-kit-kat-chnky-aero-mnt45gm
Foodland Balaklava,2025-05-04 23:56:09,Nestle Kitkat Breakfast Cereal,330g,N/A,$10.00,$3.03 per 100g,https://foodlandbalaklava.com.au//lines/nes-kit-kat-cereal-330g
Foodland Balaklava,2025-05-04 23:56:09,Nestle Kitkat Dark Chocolate Block,160g,was $7.35,$6.20,$3.88 per 100g,https://foodlandbalaklava.com.au//lines/nes-kit-kat-choc-dark-160gm
Foodland Balaklava,2025-05-04 23:56:09,Nestle Kitkat Milk Chocolate Block,160g,was $7.35,$6.20,$3.88 per 100g,https://foodlandbalaklava.com.au//lines/nes-kit-kat-blk-mlk-choc-160gm
Foodland Balaklava,2025-05-04 23:56:09,Nestle Kitkat Packed With Milo Milk Chocolate Block,165g,was $7.35,$6.20,$3.76 per 100g,https://foodlandbalaklava.com.au//lines/nes-kit-kat-milo-blk-165gm
Foodland Balaklava,2025-05-04 23:56:09,Nestle Kitkat Packed With Milo Milk Chunky Bar,45g,was $2.65,$1.25,$2.78 per 100g,https://foodlandbalaklava.com.au//lines/nes-kit-kat-chunky-milo-45gm
Foodland Balaklava,2025-05-04 23:56:09,Nestle Milkybar Cookies Chocolate Block,170g,was $7.35,$6.20,$3.65 per 100g,https://foodlandbalaklava.com.au//lines/nes-choc-mllkybar-ckie-170gm
Foodland Balaklava,2025-05-04 23:56:09,Nestle Milo Snack Bars Original Choc Malt X10 10pk,210g,was $9.45,$8.40,$4.00 per 100g,https://foodlandbalaklava.com.au//lines/nes-milo-snk-bar-orig-210gm
Foodland Balaklava,2025-05-04 23:56:09,Nestle Mint Pattie Milk Choc Bar,20g,was $2.10,$1.75,$8.75 per 100g,https://foodlandbalaklava.com.au//lines/nes-mint-patties-20gm
Foodland Balaklava,2025-05-04 23:56:09,Nestle Peters Drumstick Super Choc 4pk,N/A,was $10.00,$9.20,$1.93 per 100mL,https://foodlandbalaklava.com.au//lines/peters-m-p-d-stk-super-choc-4s
Foodland Balaklava,2025-05-04 23:56:09,Nestle Peters Frosty Fruits Tropical 8pk,600mL,N/A,$9.00,$1.50 per 100mL,https://foodlandbalaklava.com.au//lines/peters-m-p-f-frt-tropical-8s
Foodland Balaklava,2025-05-04 23:56:09,Nestle Peters Light & Creamy Raspberry Ripple 1.​8,N/A,N/A,$8.40,$0.47 per 100mL,https://foodlandbalaklava.com.au//lines/peters-i-crm-l-c-r-bry-rip1-8l
Foodland Balaklava,2025-05-04 23:56:09,Nestle Plaistowe Milk Chocolate Baking Block,180g,N/A,$8.40,$4.67 per 100g,https://foodlandbalaklava.com.au//lines/nes-plaistowe-bk-choc-mlk180gm
Foodland Balaklava,2025-05-04 23:56:09,Nestle Rolo Chocolate Block170g,170g,was $7.35,$6.20,$3.65 per 100g,https://foodlandbalaklava.com.au//lines/nes-choc-rolo-block-170gm
Foodland Balaklava,2025-05-04 23:56:09,Nestle Smarties Milk Chocolate Block,180g,was $7.35,$6.20,$3.44 per 100g,https://foodlandbalaklava.com.au//lines/nes-choc-smarties-block-180gm
Foodland Balaklava,2025-05-04 23:56:09,Nestle Smarties Milk Chocolate Carton,50g,was $2.65,$1.25,$2.50 per 100g,https://foodlandbalaklava.com.au//lines/nes-smarties-532-50gm
Foodland Balaklava,2025-05-04 23:56:09,Nestle Smarties Milk Chocolate Share Bag,340g,N/A,$8.40,$2.47 per 100g,https://foodlandbalaklava.com.au//lines/nes-smarties-bag-340gm
Foodland Balaklava,2025-05-04 23:56:09,Neutrogena Tgel Salicylic Acid Shampoo,200mL,was $15.00,$14.50,$7.25 per 100mL,https://foodlandbalaklava.com.au//lines/neut-s-poo-t-gel-sal-acid200ml
Foodland Balaklava,2025-05-04 23:56:09,New Idea Magazine,N/A,N/A,$6.20,N/A,https://foodlandbalaklava.com.au//lines/new-idea-magazine-1
Foodland Balaklava,2025-05-04 23:56:09,Nice Rice Jasmine,1kg,was $5.25,$4.10,$0.41 per 100g,https://foodlandbalaklava.com.au//lines/nice-rice-jasmine-1kg
Foodland Balaklava,2025-05-04 23:56:09,Nice&​Natural Nut Bars Salted Caramel With Dark Choc 6pk,180g,N/A,$5.80,$3.22 per 100g,https://foodlandbalaklava.com.au//lines/nice-nat-n-bar-s-crml-6s180gm
Foodland Balaklava,2025-05-04 23:56:09,Nice&​Natural Protein Nut Bars Salted Caramel 5pk,165g,was $6.85,$5.00,$3.03 per 100g,https://foodlandbalaklava.com.au//lines/nice-nat-prot-bar-s-caramel-5pk
Foodland Balaklava,2025-05-04 23:56:09,Nice&​Natural Roasted Nut Bars Trail Mix 6pk,192g,N/A,$5.80,$3.02 per 100g,https://foodlandbalaklava.com.au//lines/nice-nat-n-bar-nat-trl-mx192gm
Foodland Balaklava,2025-05-04 23:56:09,Nippy's Orange Juice Unsweetened 3,N/A,N/A,$10.00,$3.33 per L,https://foodlandbalaklava.com.au//lines/nippy-s-juice-3lt-u-sw-orange
Foodland Balaklava,2025-05-04 23:56:09,Nippys Jce App/​Blk Pvc,2L,N/A,$7.25,$3.62 per L,https://foodlandbalaklava.com.au//lines/nippys-jce-app-blk-pvc-2l
Foodland Balaklava,2025-05-04 23:56:09,Nippys Pineapple Crush,2L,N/A,$7.25,$3.62 per L,https://foodlandbalaklava.com.au//lines/nippys-pineapple-crush-2l
Foodland Balaklava,2025-05-04 23:56:09,Nivea Gentle Facial Cleansing Wipes,N/A,was $8.95,$8.00,$0.32 Each,https://foodlandbalaklava.com.au//lines/nivea-d-ess-fac-cln-wipes-25s
Foodland Balaklava,2025-05-04 23:56:09,Nivea Pearl & Beauty Roll-On,50mL,was $5.25,$4.65,$9.30 per 100mL,https://foodlandbalaklava.com.au//lines/nivea-r-on-deod-wmen-pearl50ml
Foodland Balaklava,2025-05-04 23:56:10,Nivea Purifying Wash Scrub,150mL,was $13.65,$12.50,$8.33 per 100mL,https://foodlandbalaklava.com.au//lines/nivea-d-ess-wsh-scrb2in1-150ml
Foodland Balaklava,2025-05-04 23:56:10,Nivea Watermelon Shine Lip Balm,4.8g,was $5.25,$5.20,$130.00 per 100g,https://foodlandbalaklava.com.au//lines/nivea-lip-care-w-melon-4-8gm
Foodland Balaklava,2025-05-04 23:56:10,No Pong Nat Deod Crm Lvndr,35g,N/A,$10.00,$2.86 per 10g,https://foodlandbalaklava.com.au//lines/no-pong-nat-deod-crm-lvndr-35g
Foodland Balaklava,2025-05-04 23:56:10,No Pong Nat Deod Crm Orig,35g,N/A,$10.00,$2.86 per 10g,https://foodlandbalaklava.com.au//lines/no-pong-nat-deod-crm-orig-35g
Foodland Balaklava,2025-05-04 23:56:10,No Vac Fresh Pet,290g,N/A,$6.30,$2.17 per 100g,https://foodlandbalaklava.com.au//lines/n-vac-carpet-deo-frs-pet-290gm
Foodland Balaklava,2025-05-04 23:56:10,Nobby's Peanuts Nuts Salted Peanuts,600g,was $8.80,$6.25,$10.42 per kg,https://foodlandbalaklava.com.au//lines/nobbys-peanuts-600gm
Foodland Balaklava,2025-05-04 23:56:10,Nobby's Pork Crackle Original,25g,was $2.30,$2.00,$80.00 per kg,https://foodlandbalaklava.com.au//lines/nobbys-porky-bits-orig-25gm
Foodland Balaklava,2025-05-04 23:56:10,Nocelle Apricots (​Turkish),500g,was $12.99,$11.25,$2.25 per 100g,https://foodlandbalaklava.com.au//lines/nocelle-apricots-turkish-500gm
Foodland Balaklava,2025-05-04 23:56:10,Nocelle Barley Sugar,250g,N/A,$6.20,$2.48 per 100g,https://foodlandbalaklava.com.au//lines/nocelle-barley-sugar-250g
Foodland Balaklava,2025-05-04 23:56:10,Nocelle Clr Rice Crackers,200g,N/A,$3.99,$2.00 per 100g,https://foodlandbalaklava.com.au//lines/nocelle-rice-crackers-200g
Foodland Balaklava,2025-05-04 23:56:10,Nocelle Fizz Buttons,300g,N/A,$6.20,$2.07 per 100g,https://foodlandbalaklava.com.au//lines/nocelle-fizz-buttons-300g
Foodland Balaklava,2025-05-04 23:56:10,Nocelle Jelly Beans,350g,N/A,$6.20,$1.77 per 100g,https://foodlandbalaklava.com.au//lines/nocelle-jelly-beans-350gm
Foodland Balaklava,2025-05-04 23:56:10,Nocelle Jersey Caramel,300g,N/A,$6.20,$2.07 per 100g,https://foodlandbalaklava.com.au//lines/nocelle-jersey-caramel-300gm
Foodland Balaklava,2025-05-04 23:56:10,Nocelle Pistachio,500g,N/A,$16.99,$3.40 per 100g,https://foodlandbalaklava.com.au//lines/nocelle-pistachio-500gm
Foodland Balaklava,2025-05-04 23:56:10,Nocelle Pitted Dates,500g,N/A,$4.99,$1.00 per 100g,https://foodlandbalaklava.com.au//lines/nocelle-pitted-dates-500gm
Foodland Balaklava,2025-05-04 23:56:10,Nocelle Pretzels,200g,N/A,$3.99,$2.00 per 100g,https://foodlandbalaklava.com.au//lines/nocelle-pretzels-200g
Foodland Balaklava,2025-05-04 23:56:10,Nocelle Rice Puffs (​BBQ),250g,N/A,$5.99,$2.40 per 100g,https://foodlandbalaklava.com.au//lines/nocelle-rice-puffs-bbq-250gm
Foodland Balaklava,2025-05-04 23:56:10,Noshu Low Carb Bars Peanut & Caramel Nougat Indulgence,160g,N/A,$8.90,$5.56 per 100g,https://foodlandbalaklava.com.au//lines/noshu-bar-l-c-p-nut-crml-160gm
Foodland Balaklava,2025-05-04 23:56:10,Nudie Nothing But Orange Juice With Pulp,1L,N/A,$7.00,$7.00 per L,https://foodlandbalaklava.com.au//lines/nudie-n-but-orange-pulp-jce-1lt
Foodland Balaklava,2025-05-04 23:56:10,Nudie Tropical Breakfast Juice,2L,was $9.99,$7.40,$3.70 per L,https://foodlandbalaklava.com.au//lines/nudie-nothing-bfst-tropical-2l
Foodland Balaklava,2025-05-04 23:56:10,Nurofen Core Caplets 200mg 24,N/A,N/A,$7.35,$0.31 Each,https://foodlandbalaklava.com.au//lines/nurofen-caplets-24s
Foodland Balaklava,2025-05-04 23:56:10,Nurofen Zavance Fast Pain Relief Caplets 256mg Ibuprofen 24 Pack,N/A,was $9.20,$7.95,$0.33 Each,https://foodlandbalaklava.com.au//lines/nurofen-zavance-cap256mg-24s
Foodland Balaklava,2025-05-04 23:56:10,Nurofen Zavance Tablets 24s 256mg Ibuprofen Pain Relief,N/A,was $9.20,$7.95,$0.33 Each,https://foodlandbalaklava.com.au//lines/nurofen-zavance-tab-256mg-24s
Foodland Balaklava,2025-05-04 23:56:10,Nutella Hazelnut Chocolate Spread | Jar,750g,N/A,$11.55,$1.54 per 100g,https://foodlandbalaklava.com.au//lines/nutella-h-nut-choc-sprd-750gm-1
Foodland Balaklava,2025-05-04 23:56:10,Nuttelex Margarine Polyunsaturated,500g,was $5.45,$4.70,$0.94 per 100g,https://foodlandbalaklava.com.au//lines/nuttelex-margarine-500gm
Foodland Balaklava,2025-05-04 23:56:10,Nuttelex Spread Lite,500g,was $5.45,$4.70,$0.94 per 100g,https://foodlandbalaklava.com.au//lines/nuttelex-spread-lite-500gm
Foodland Balaklava,2025-05-04 23:56:10,Nyal Cold Sore Cream,10g,N/A,$10.50,$105.00 per 100g,https://foodlandbalaklava.com.au//lines/nyal-cold-sore-cream-10gm
Foodland Balaklava,2025-05-04 23:56:10,Nyal Paracetamol 500mg 16 Tablets,N/A,was $3.15,$2.70,$0.17 Each,https://foodlandbalaklava.com.au//lines/nyal-paracetamol-tablets-16s
Foodland Balaklava,2025-05-04 23:56:10,O/​Menu Cheese Burg,161g,was $5.50,$4.50,$2.80 per 100g,https://foodlandbalaklava.com.au//lines/o-menu-cheese-burg-161gm-4
Foodland Balaklava,2025-05-04 23:56:10,Oak Caramel Coffee Flavoured Milk,600mL,N/A,$3.95,$6.58 per L,https://foodlandbalaklava.com.au//lines/oak-milk-caramel-coffee-600ml
Foodland Balaklava,2025-05-04 23:56:10,Oak Chocolate Flavoured Milk,600mL,N/A,$3.95,$6.58 per L,https://foodlandbalaklava.com.au//lines/oak-chocolate-flav-600ml
Foodland Balaklava,2025-05-04 23:56:10,Oak Iced Coffee Flavoured Milk,300mL,was $2.95,$2.60,$8.67 per L,https://foodlandbalaklava.com.au//lines/oak-milk-iced-coffee-flav300ml
Foodland Balaklava,2025-05-04 23:56:10,Oates Toilet Tidy Set,N/A,N/A,$5.88,N/A,https://foodlandbalaklava.com.au//lines/oates-toilet-tidy-set
Foodland Balaklava,2025-05-04 23:56:10,Obento Bowl Noodle Sesame Teriyaki,250g,was $4.05,$3.70,$1.54 per 100g,https://foodlandbalaklava.com.au//lines/obento-ndle-bwl-ses-teri-240gm
Foodland Balaklava,2025-05-04 23:56:10,Obento Sushi Seasoning #​250ml,N/A,N/A,$3.80,$1.52 per 100mL,https://foodlandbalaklava.com.au//lines/obento-sushi-seasoning-250ml
Foodland Balaklava,2025-05-04 23:56:10,Obento Yaki Nori For Sushi,25g,N/A,$4.20,$16.80 per 100g,https://foodlandbalaklava.com.au//lines/obento-yaki-sushi-nori-sht25gm
Foodland Balaklava,2025-05-04 23:56:10,Oc Naturals Scalp Care Anti-Dandruff Conditioning Shampoo With Pro-Vitamin B5,400mL,N/A,$3.90,$0.98 per 100mL,https://foodlandbalaklava.com.au//lines/organic-care-a-ddrf-sp-con-400
Foodland Balaklava,2025-05-04 23:56:10,Ocean Spray Craisins Reduced Sugar,150g,was $4.20,$3.60,$24.00 per kg,https://foodlandbalaklava.com.au//lines/o-spray-craisins-l-s-150gm-1
Foodland Balaklava,2025-05-04 23:56:10,Ocean Spray Cranberry Sauce Jellied,275g,N/A,$4.40,$1.60 per 100g,https://foodlandbalaklava.com.au//lines/o-spray-sce-cranberry-jly275gm
Foodland Balaklava,2025-05-04 23:56:10,Ocean Spray Drink Classic Cranberry,1.5L,was $6.70,$5.15,$3.43 per L,https://foodlandbalaklava.com.au//lines/o-spray-crancl-pet-156772-1-5l
Foodland Balaklava,2025-05-04 23:56:10,Old El Paso Beans Refried,435g,N/A,$4.75,$1.09 per 100g,https://foodlandbalaklava.com.au//lines/o-e-paso-refried-bean-435gm
Foodland Balaklava,2025-05-04 23:56:10,Old El Paso Crispy Chicken Soft Taco Kit,370g,N/A,$8.95,$2.42 per 100g,https://foodlandbalaklava.com.au//lines/o-e-paso-crispy-chic-kit-370gm-2
Foodland Balaklava,2025-05-04 23:56:10,Old El Paso Jumbo Tortillas Flour,450g,N/A,$6.85,$1.52 per 100g,https://foodlandbalaklava.com.au//lines/o-e-paso-burrito-tort-jmb450gm-2
Foodland Balaklava,2025-05-04 23:56:10,Old El Paso Quesadilla Kit Crispy & Cheesy,365g,N/A,$8.95,$2.45 per 100g,https://foodlandbalaklava.com.au//lines/o-e-paso-quesadilla-kit-365g
Foodland Balaklava,2025-05-04 23:56:10,Old El Paso Stand 'N Stuff Soft Taco Kit Sweet Paprika & Tomato,348g,N/A,$10.00,$2.87 per 100g,https://foodlandbalaklava.com.au//lines/o-e-paso-taco-std-stuff-kit-8s
Foodland Balaklava,2025-05-04 23:56:10,Old El Paso Stand N Stuff Kit Taco,295g,N/A,$10.00,$3.39 per 100g,https://foodlandbalaklava.com.au//lines/o-e-paso-taco-std-stf-kit295gm
Foodland Balaklava,2025-05-04 23:56:10,Old El Paso Taco Sauce Medium,200g,N/A,$4.75,$2.38 per 100g,https://foodlandbalaklava.com.au//lines/o-e-paso-sce-taco-medium-200gm
Foodland Balaklava,2025-05-04 23:56:10,Old El Paso The Kit Taco 12 Pack,290g,N/A,$8.95,$3.09 per 100g,https://foodlandbalaklava.com.au//lines/o-e-paso-taco-kits-290gm
Foodland Balaklava,2025-05-04 23:56:12,Old El Paso Thick 'N Chunky Salsa Medium,375g,N/A,$5.80,$1.55 per 100g,https://foodlandbalaklava.com.au//lines/o-e-paso-sal-thc-chk-med-375gm
Foodland Balaklava,2025-05-04 23:56:12,Old El Paso Tortillas 10 Mini,250g,N/A,$5.25,$2.10 per 100g,https://foodlandbalaklava.com.au//lines/o-e-paso-tortillas-mini-10s-2
Foodland Balaklava,2025-05-04 23:56:12,Olive Branch Smoked Salmon Dip,200g,N/A,$6.00,$3.00 per 100g,https://foodlandbalaklava.com.au//lines/ob-g-f-d-f-smk-salmon-dip-200g
Foodland Balaklava,2025-05-04 23:56:12,Omo Active Clean Front & Top Loader Washing Powder,5kg,was $60.65,$34.00,$6.80 per kg,https://foodlandbalaklava.com.au//lines/omo-l-pdr-fl-tl-act-cln-5kg
Foodland Balaklava,2025-05-04 23:56:12,Omo Active Clean Laundry Liquid Attacks Stains Even In A Quick And Cold Wash Front & Top Loader Laundry Detergent For A Brilliant Clean 1st Time,2L,was $29.40,$14.00,$7.00 per L,https://foodlandbalaklava.com.au//lines/omo-l-liq-f-t-active-clean-2l
Foodland Balaklava,2025-05-04 23:56:12,Omo F&​T Laundry Liquid Active Clean,1L,was $16.30,$10.00,$10.00 per L,https://foodlandbalaklava.com.au//lines/omo-l-liq-con-act-cln-fl-tl-1l
Foodland Balaklava,2025-05-04 23:56:12,Omo Ultimate Laundry Liquid Attacks Ultra-Tough Stains Front & Top Loader Laundry Detergent,4L,was $52.50,$30.00,$7.50 per L,https://foodlandbalaklava.com.au//lines/omo-l-liq-f-t-ultimate-4l
Foodland Balaklava,2025-05-04 23:56:12,Omo Ultimate Washing Powder Attacks Ultra Tough Stains Front & Top Loader Bio-Degradable And Compostable Ingredients For Laundry That Is Kinder To The,N/A,N/A,$33.60,$16.80 per kg,https://foodlandbalaklava.com.au//lines/omo-l-pdr-fl-tl-ultimate-2kg
Foodland Balaklava,2025-05-04 23:56:12,On The Menu Angus Beef Lasagne,400g,was $6.30,$5.65,$1.41 per 100g,https://foodlandbalaklava.com.au//lines/o-menu-lasagne-angus-bf-400gm
Foodland Balaklava,2025-05-04 23:56:12,On The Menu Otm Big Feast Katsu Curry With Spiced Rice,480g,N/A,$9.35,$1.95 per 100g,https://foodlandbalaklava.com.au//lines/o-menu-katsu-cry-spcd-rc-480g
Foodland Balaklava,2025-05-04 23:56:12,On The Menu Pub Faves Chicken Kiev,320g,was $7.75,$6.75,$2.11 per 100g,https://foodlandbalaklava.com.au//lines/o-menu-chicken-kiev-320gm
Foodland Balaklava,2025-05-04 23:56:12,On The Menu Pub Faves Slow Cooked Lamb,320g,was $7.75,$6.75,$2.11 per 100g,https://foodlandbalaklava.com.au//lines/o-menu-lamb-shank-320gm
Foodland Balaklava,2025-05-04 23:56:12,On The Menu Spaghetti & Meatballs,260g,N/A,$3.80,$1.46 per 100g,https://foodlandbalaklava.com.au//lines/o-menu-meals-spag-m-ball-260gm
Foodland Balaklava,2025-05-04 23:56:12,"Only Organic Apple, Banana & Mango 6+ Months",120g,was $2.40,$2.15,$1.79 per 100g,https://foodlandbalaklava.com.au//lines/only-org-apl-ban-mng-120g
Foodland Balaklava,2025-05-04 23:56:12,Only Organic Baby Dessert Banana Berries & Yoghurt 9+ Months,120g,was $2.40,$2.15,$1.79 per 100g,https://foodlandbalaklava.com.au//lines/only-org-banana-bry-ygt-120gm
Foodland Balaklava,2025-05-04 23:56:12,"Only Organic Baby Fruit Pear, Banana & Apple 6+ Months",120g,was $2.40,$2.15,$1.79 per 100g,https://foodlandbalaklava.com.au//lines/only-org-ban-pear-appl-120gm
Foodland Balaklava,2025-05-04 23:56:12,Only Organic Baby Savoury Wild Rice Risotto & Spring Lamb 6+ Months,120g,was $2.40,$2.15,$1.79 per 100g,https://foodlandbalaklava.com.au//lines/only-org-risot-w-rce-lmb-120gm
Foodland Balaklava,2025-05-04 23:56:12,Only Organic Kindy Macaroni Cheese Pasta 1-5 Years,220g,N/A,$4.05,$1.84 per 100g,https://foodlandbalaklava.com.au//lines/only-org-vege-mac-chs-220gm
Foodland Balaklava,2025-05-04 23:56:12,Only Organic Strawberry Yoghurt Rice Cakes 1-5 Years,60g,N/A,$5.25,$8.75 per 100g,https://foodlandbalaklava.com.au//lines/only-org-rce-cks-s-berry-60gm
Foodland Balaklava,2025-05-04 23:56:12,OPTIMUM Adult Skin & Coat Dry Dog Food with Turkey,3kg,N/A,$24.15,$0.80 per 100g,https://foodlandbalaklava.com.au//lines/optimum-dog-skin-coat-trky-3kg
Foodland Balaklava,2025-05-04 23:56:12,"Optimum Dog Dry Adult All Breed With Chicken, Vegetables & Rice",7kg,was $47.25,$38.00,$0.54 per 100g,https://foodlandbalaklava.com.au//lines/optimum-adlt-chic-veg-rice-7kg
Foodland Balaklava,2025-05-04 23:56:12,Optimum Dry Cat Adult 1+ Ocean Fish,800g,was $13.15,$9.00,$1.12 per 100g,https://foodlandbalaklava.com.au//lines/optimum-cat-adlt-ocn-fish800gm
Foodland Balaklava,2025-05-04 23:56:12,Optimum Lifestage Puppy Chicken Rice,700g,was $5.25,$4.20,$0.60 per 100g,https://foodlandbalaklava.com.au//lines/optimum-puppy-chkn-rice-700gm
Foodland Balaklava,2025-05-04 23:56:12,"Oral-B Essential Waxed Clean Dental Floss, Mint",2 x 50m,N/A,$7.35,$0.01 per cm,https://foodlandbalaklava.com.au//lines/oral-b-floss-mint-essen-2x50m
Foodland Balaklava,2025-05-04 23:56:12,Oral-B Frozen 6+ Junior Toothpaste,92g,N/A,$3.70,$4.02 per 100g,https://foodlandbalaklava.com.au//lines/oral-b-t-pste-jnr-frzn-6-92gm
Foodland Balaklava,2025-05-04 23:56:12,Oral-B Vitality Precision Clean Electric Toothbrush,N/A,N/A,$52.50,N/A,https://foodlandbalaklava.com.au//lines/oral-b-t-brsh-vit-ebx-prec-1pk
Foodland Balaklava,2025-05-04 23:56:12,Oreo Double Stuff Caramilk,131g,N/A,$3.15,$2.40 per 100g,https://foodlandbalaklava.com.au//lines/oreo-caramilk-slug-131g
Foodland Balaklava,2025-05-04 23:56:12,Oreo Mini Caramilk,N/A,N/A,$5.25,$2.57 per 100g,https://foodlandbalaklava.com.au//lines/oreo-mini-caramilk-204g
Foodland Balaklava,2025-05-04 23:56:12,Oso Cling Wrap cm 33cm,33 x 60m,was $4.35,$3.50,$0.06 per cm,https://foodlandbalaklava.com.au//lines/oso-clingwrap-33cmx60m
Foodland Balaklava,2025-05-04 23:56:12,Oso Easy Garbage Bags 40 Pack,N/A,was $7.95,$6.90,$0.17 Each,https://foodlandbalaklava.com.au//lines/oso-garbage-bag-twin-tie-rl40s
Foodland Balaklava,2025-05-04 23:56:12,Ostelin Vitamin D3 1000iu Capsules,60 x 58mL,N/A,$18.50,$30.83 Units100,https://foodlandbalaklava.com.au//lines/ostelin-vit-d-caps-60s
Foodland Balaklava,2025-05-04 23:56:12,Ottogi Jin Cup Noodle Spicy,65g,N/A,$2.55,$3.92 per 100g,https://foodlandbalaklava.com.au//lines/ottogi-ndl-cup-j-rmn-spcy-65gm
Foodland Balaklava,2025-05-04 23:56:12,Ottogi Spicy Ramen,120g,N/A,$1.90,$1.58 per 100g,https://foodlandbalaklava.com.au//lines/ottogi-ndl-j-rmn-spcy-120g
Foodland Balaklava,2025-05-04 23:56:12,Oxo Stock Cubes Chicken,71g,N/A,$2.95,$0.42 per 10g,https://foodlandbalaklava.com.au//lines/oxo-cubes-chicken-12s
Foodland Balaklava,2025-05-04 23:56:12,Oz Clean Power Disinfectant,750mL,was $4.75,$4.10,$0.55 per 100mL,https://foodlandbalaklava.com.au//lines/power-disinf-h-hld-grp-lm750ml
Foodland Balaklava,2025-05-04 23:56:12,Ozkleen Shower Power Amazing Bathroom Cleaner Citrus Fresh Trigger 500ml,500mL,N/A,$7.70,$1.54 per 100mL,https://foodlandbalaklava.com.au//lines/ozkleen-shwr-pwr-cit-trg-500ml
Foodland Balaklava,2025-05-04 23:56:12,Ozkleen Shower Power Bathroom Cleaner Citrus,750mL,was $7.65,$6.20,$0.83 per 100mL,https://foodlandbalaklava.com.au//lines/ozkleen-shwr-pwr-sqz-pk-750ml
Foodland Balaklava,2025-05-04 23:56:12,P/​C Turkish Apricots,250g,N/A,$6.39,$25.56 per kg,https://foodlandbalaklava.com.au//lines/p-c-turkish-apricots-250g
Foodland Balaklava,2025-05-04 23:56:12,Pace Sports Hydration Lemon/​Lime,500mL,was $4.50,$4.05,$0.81 per 100mL,https://foodlandbalaklava.com.au//lines/pace-lemon-lime-500ml
Foodland Balaklava,2025-05-04 23:56:12,Pace Watermelon,500mL,was $4.50,$4.05,$0.81 per 100mL,https://foodlandbalaklava.com.au//lines/pace-watermelon-500ml
Foodland Balaklava,2025-05-04 23:56:12,Pacefarm Eggs m,12 x 700g,N/A,$8.00,N/A,https://foodlandbalaklava.com.au//lines/pacefarm-eggs-12pk-700gm
Foodland Balaklava,2025-05-04 23:56:12,Pacific West Thai Spring Rolls 24 Peices,N/A,N/A,$7.65,$1.78 per 100g,https://foodlandbalaklava.com.au//lines/p-west-spring-rolls-thai-430gm
Foodland Balaklava,2025-05-04 23:56:12,"Paddle Pop Twister Ice Confection Frozen Dessert Made With Fruit Juice Mini Pineapple Ice Cream With Refreshing Strawberry, Lemon And Lime Flavour Fru",N/A,was $8.40,$7.80,$2.60 per 100mL,https://foodlandbalaklava.com.au//lines/str-m-p-pad-pop-twst-min-pne6s
Foodland Balaklava,2025-05-04 23:56:12,"Palmolive Antibacterial Foaming Hand Wash, Mint & Eucalyptus, Pump",250mL,was $4.20,$3.50,$1.40 per 100mL,https://foodlandbalaklava.com.au//lines/palm-l-s-pmp-foam-l-ed-250ml
Foodland Balaklava,2025-05-04 23:56:12,"Palmolive Antibacterial Instant Hand Sanitiser, , Coconut & Fig, Travel Size, Kills 99.​9% Of Germs",48mL,was $3.90,$3.00,$6.25 per 100mL,https://foodlandbalaklava.com.au//lines/palm-sanitiser-fig-c-nut-48ml
Foodland Balaklava,2025-05-04 23:56:12,Palmolive Antibacterial Liquid Soap Lime Pump,250mL,was $3.70,$3.10,$1.24 per 100mL,https://foodlandbalaklava.com.au//lines/palm-l-soap-pmp-anti-lme-250ml
Foodland Balaklava,2025-05-04 23:56:12,Palmolive Foaming Handwash Heavenly Hands Raspberry Pump,250mL,was $4.20,$3.50,$1.40 per 100mL,https://foodlandbalaklava.com.au//lines/palm-l-s-pmp-foam-rsbry-250ml
Foodland Balaklava,2025-05-04 23:56:12,"Palmolive Kids 3 In 1 Hair Shampoo, Conditioner & Body Wash , Minions Funny Honey, Hypoallergenic, Detangles Hair, No Parabens",700mL,was $9.45,$7.00,$1.00 per 100mL,https://foodlandbalaklava.com.au//lines/palm-3in1-kids-honey-700ml
Foodland Balaklava,2025-05-04 23:56:13,Palmolive Liquid Soap Milk And Honey Refill,1L,was $7.90,$7.20,$0.72 per 100mL,https://foodlandbalaklava.com.au//lines/palm-nat-h-wsh-mlk-hny-ref-1l
Foodland Balaklava,2025-05-04 23:56:13,"Palmolive Luminous Oils Body Wash , Far North Queensland Frangipani & Coconut, Nourish & Glow",750mL,was $12.60,$9.50,$1.27 per 100mL,https://foodlandbalaklava.com.au//lines/palm-s-gel-l-oil-coco-750ml
Foodland Balaklava,2025-05-04 23:56:13,"Palmolive Men Deep Clean Body Wash, , With Spearmint Oil, No Parabens Or Phthalates",500mL,was $7.90,$6.90,$1.38 per 100mL,https://foodlandbalaklava.com.au//lines/palm-nat-s-gel-d-cln-mens500ml
Foodland Balaklava,2025-05-04 23:56:13,"Palmolive Men Palmolive Naturals Body Wash Mens Active , No Parabens Or Phthalates",500mL,was $7.90,$6.90,$1.38 per 100mL,https://foodlandbalaklava.com.au//lines/palm-nat-s-gel-mens-actve500ml
Foodland Balaklava,2025-05-04 23:56:13,"Palmolive Naturals Anti Dandruff 2 In 1 Hair Shampoo And Conditioner,",350mL,was $6.30,$5.00,$1.43 per 100mL,https://foodlandbalaklava.com.au//lines/palm-nat-s-poo-anti-dndrf350ml
Foodland Balaklava,2025-05-04 23:56:13,"Palmolive Naturals Body Wash Sea Minerals, , Vitamin E To Nourish Skin",500mL,was $7.90,$6.90,$1.38 per 100mL,https://foodlandbalaklava.com.au//lines/palm-s-gel-hydrating-500ml
Foodland Balaklava,2025-05-04 23:56:13,"Palmolive Naturals Hair Conditioner, , Smooth & Shine With Macadamia Oil & Keratin, For Frizzy Hair",700mL,was $9.45,$7.00,$1.00 per 100mL,https://foodlandbalaklava.com.au//lines/palm-nat-cond-smth-shne-700ml
Foodland Balaklava,2025-05-04 23:56:13,"Palmolive Naturals Hair Shampoo, , Active Nourishment With Natural Aloe Vera Extract",700mL,was $9.45,$7.00,$1.00 per 100mL,https://foodlandbalaklava.com.au//lines/palm-nat-s-poo-active-700ml
Foodland Balaklava,2025-05-04 23:56:13,"Palmolive Naturals Hair Shampoo, , Avocado, Vibrant Colour, For Colour Treated Hair",350mL,was $6.30,$5.00,$1.43 per 100mL,https://foodlandbalaklava.com.au//lines/palm-nat-s-poo-vibrant-350ml
Foodland Balaklava,2025-05-04 23:56:13,"Palmolive Naturals Hair Shampoo, , Smooth & Shine With Macadamia Oil & Keratin, For Frizzy Hair",350mL,was $6.30,$5.00,$1.43 per 100mL,https://foodlandbalaklava.com.au//lines/palm-nat-s-poo-smth-shne-350ml
Foodland Balaklava,2025-05-04 23:56:13,"Palmolive Naturals Hair Shampoo, , Smooth & Shine With Macadamia Oil & Keratin, For Frizzy Hair",700mL,was $9.45,$7.00,$1.00 per 100mL,https://foodlandbalaklava.com.au//lines/palm-nat-s-poo-smth-shne-700ml
Foodland Balaklava,2025-05-04 23:56:13,"Palmolive Naturals, Foaming Hand Wash, Vanilla & Berry, Refill",1L,was $9.45,$6.20,$0.62 per 100mL,https://foodlandbalaklava.com.au//lines/palm-l-soap-foam-van-bry-rf-1l
Foodland Balaklava,2025-05-04 23:56:13,Palmolive Shower Gel Milk And Honey,1L,was $12.60,$10.00,$1.00 per 100mL,https://foodlandbalaklava.com.au//lines/palm-nat-s-gel-mlk-honey-1l
Foodland Balaklava,2025-05-04 23:56:13,Palmolive Shower Gel Milk And Honey,500mL,was $7.90,$6.90,$1.38 per 100mL,https://foodlandbalaklava.com.au//lines/palm-nat-s-gel-mlk-hon-500ml
Foodland Balaklava,2025-05-04 23:56:13,"Palmolive Ultra Strength Concentrate Antibacterial Dishwashing Liquid, , With Lemon Extracts",500mL,was $5.25,$4.00,$0.80 per 100mL,https://foodlandbalaklava.com.au//lines/palm-d-wsh-ultra-a-b-lem-500ml
Foodland Balaklava,2025-05-04 23:56:13,Palmolive Ultra Strength Concentrate Dishwashing Liquid Vanilla & Berries,950mL,was $8.95,$8.05,$0.85 per 100mL,https://foodlandbalaklava.com.au//lines/palm-d-wsh-ultra-van-bry-950ml
Foodland Balaklava,2025-05-04 23:56:13,Pampas Frozen Filo Pastry 18 Sheets,375g,N/A,$6.50,$1.73 per 100g,https://foodlandbalaklava.com.au//lines/pampas-pastry-fillo-375gm
Foodland Balaklava,2025-05-04 23:56:13,Pampas Frozen Puff Pastry 6 Sheets,1kg,was $6.85,$5.50,$0.55 per 100g,https://foodlandbalaklava.com.au//lines/pampas-pastry-puff-r-r-1kg
Foodland Balaklava,2025-05-04 23:56:13,Panadol Rapid Cap 500mg 16s,N/A,N/A,$5.65,$0.35 Each,https://foodlandbalaklava.com.au//lines/panadol-caplets-rapid-16s
Foodland Balaklava,2025-05-04 23:56:13,Panadol Tablet 500mg 16s Srp,N/A,N/A,$3.90,$0.24 Each,https://foodlandbalaklava.com.au//lines/panadol-tablets-16s
Foodland Balaklava,2025-05-04 23:56:13,Pandaroo Sushi Rice,1kg,was $5.80,$5.35,$0.54 per 100g,https://foodlandbalaklava.com.au//lines/pandaroo-sushi-rice-1kg
Foodland Balaklava,2025-05-04 23:56:13,Pandaroo Vermicelli Bean,250g,N/A,$3.00,$1.20 per 100g,https://foodlandbalaklava.com.au//lines/pandaroo-vermicelli-bean-250gm
Foodland Balaklava,2025-05-04 23:56:13,Pantene Miracles Hair Mask Collagen Repair & Shine,250mL,N/A,$15.00,$6.00 per 100mL,https://foodlandbalaklava.com.au//lines/pantene-jar-msk-collagn-250ml
Foodland Balaklava,2025-05-04 23:56:13,Pantene Pro-V Classic Clean Conditioner: Cleansing Conditioner For Hair,375mL,N/A,$10.00,$2.67 per 100mL,https://foodlandbalaklava.com.au//lines/pantene-cond-class-cln-375ml
Foodland Balaklava,2025-05-04 23:56:13,Pantene Pro-V Conditioner Smooth & Sleek,375mL,N/A,$10.00,$2.67 per 100mL,https://foodlandbalaklava.com.au//lines/pantene-cond-smth-sleek-375ml
Foodland Balaklava,2025-05-04 23:56:13,Pantene Pro-V Conditioner Ultimate 10 Repair & Protect,375mL,N/A,$10.00,$2.67 per 100mL,https://foodlandbalaklava.com.au//lines/pantene-cond-rp-pr-ult10-375ml
Foodland Balaklava,2025-05-04 23:56:13,Pantene Pro-V Daily Moisture Renewal Condtioner: Moisturising Conditioner For Dry Hair,375mL,N/A,$10.00,$2.67 per 100mL,https://foodlandbalaklava.com.au//lines/pantene-cond-d-moist-rnw-375ml
Foodland Balaklava,2025-05-04 23:56:13,Paper Mate Inkjoy 300rt Retractable Ballpoint Pen Business Assorted - Pack Of 4,N/A,N/A,$5.25,N/A,https://foodlandbalaklava.com.au//lines/papermate-inkjoy-300-asst-4pk-1
Foodland Balaklava,2025-05-04 23:56:13,Paperone A4 Paper 80gsm,N/A,N/A,$8.40,$0.10 Each,https://foodlandbalaklava.com.au//lines/paperone-a4-paper-80gsm-1
Foodland Balaklava,2025-05-04 23:56:13,Paramount Wild Alaskan Pink Salmon,100g,N/A,$3.45,$34.50 per kg,https://foodlandbalaklava.com.au//lines/paramount-salmon-pink-100gm-1
Foodland Balaklava,2025-05-04 23:56:13,Paramount Wild Alaskan Red Salmon,210g,N/A,$9.05,$43.10 per kg,https://foodlandbalaklava.com.au//lines/paramount-salmon-red-210gm-1
Foodland Balaklava,2025-05-04 23:56:13,Party Star Bubbles,N/A,N/A,$4.20,N/A,https://foodlandbalaklava.com.au//lines/p-star-bubbles-6pk
Foodland Balaklava,2025-05-04 23:56:13,Pascall Pineapple Lumps Lollies,185g,was $7.35,$5.15,$2.78 per 100g,https://foodlandbalaklava.com.au//lines/pas-pineapple-lumps-185gm
Foodland Balaklava,2025-05-04 23:56:13,PASTA MUSTARD EGG SALAD,N/A,N/A,$20.99,N/A,https://foodlandbalaklava.com.au//lines/jl-king-pasta-mustard-egg
Foodland Balaklava,2025-05-04 23:56:13,Patak's Butter Chicken Mild,450g,N/A,$6.10,$1.36 per 100g,https://foodlandbalaklava.com.au//lines/pataks-sim-sce-but-chk-mld-450gm
Foodland Balaklava,2025-05-04 23:56:13,Patak's Tikka Masala Paste,283g,was $8.20,$7.70,$2.66 per 100g,https://foodlandbalaklava.com.au//lines/pataks-curry-pste-tikka-masala-283gm
Foodland Balaklava,2025-05-04 23:56:13,Patties Party Pies Original Beef,12 x 560g,N/A,$9.70,$1.73 per 100g,https://foodlandbalaklava.com.au//lines/patties-pies-party-12s-560gm
Foodland Balaklava,2025-05-04 23:56:13,Patties Sausage Rolls Original Beef,450g,N/A,$9.70,$2.16 per 100g,https://foodlandbalaklava.com.au//lines/patties-s-roll-party-12s-450gm
Foodland Balaklava,2025-05-04 23:56:13,Pauls Birthday Cake Flavoured Yoghurt Pouch,70g,N/A,$1.20,$1.71 per 100g,https://foodlandbalaklava.com.au//lines/pauls-ygt-sqz-kid-ltd-ed-70gm
Foodland Balaklava,2025-05-04 23:56:13,Pauls Bluey Kids Strawberry Flavoured Milk,250mL,was $2.60,$2.00,$8.00 per L,https://foodlandbalaklava.com.au//lines/pauls-milk-bluey-strawberry-250ml
Foodland Balaklava,2025-05-04 23:56:13,"Pauls Bluey Yoghurt Strawberry, Vanilla & Banana",12 x 95g,N/A,$8.40,$0.74 per 100g,https://foodlandbalaklava.com.au//lines/pauls-kids-van-str-ban-12x95gm
Foodland Balaklava,2025-05-04 23:56:13,Pauls Custard Zymil Lactose Free,1kg,N/A,$6.30,$0.63 per 100g,https://foodlandbalaklava.com.au//lines/pauls-custard-zymil-l-free-1kg
Foodland Balaklava,2025-05-04 23:56:13,Pauls Iced Coffee Flavoured Milk,600mL,N/A,$3.80,$6.33 per L,https://foodlandbalaklava.com.au//lines/pauls-iced-coffee-600ml
Foodland Balaklava,2025-05-04 23:56:13,Pauls Kids Strawberry Yoghurt Pouch,70g,N/A,$1.20,$1.71 per 100g,https://foodlandbalaklava.com.au//lines/pauls-ygt-sqz-kid-sbry-70gm
Foodland Balaklava,2025-05-04 23:56:13,Pauls Smarter White Milk,2L,was $5.50,$4.75,$2.38 per L,https://foodlandbalaklava.com.au//lines/pauls-smarter-white-milk-2l
Foodland Balaklava,2025-05-04 23:56:13,Pauls Vanilla Custard,2kg,N/A,$8.40,$0.42 per 100g,https://foodlandbalaklava.com.au//lines/pauls-custard-vanilla-2kg
Foodland Balaklava,2025-05-04 23:56:13,Pauls Zymil Full Cream Long Life Milk,3 x 250mL,N/A,$3.45,$4.60 per L,https://foodlandbalaklava.com.au//lines/pauls-milk-zymil-uht-3x250ml
Foodland Balaklava,2025-05-04 23:56:13,Pc Almonds Roasted,400g,N/A,$9.00,$2.25 per 100g,https://foodlandbalaklava.com.au//lines/pc-almonds-roasted-400g
Foodland Balaklava,2025-05-04 23:56:13,Pc Cashews Unsalted,400g,N/A,$12.00,$3.00 per 100g,https://foodlandbalaklava.com.au//lines/pc-cashews-unsalted-400g
Foodland Balaklava,2025-05-04 23:56:13,Pc Chickpea Chips BBQ,100g,N/A,$3.00,$3.00 per 100g,https://foodlandbalaklava.com.au//lines/pc-chickpea-chips-bbq-100g
Foodland Balaklava,2025-05-04 23:56:13,Pc Chickpea Chips G/​F,100g,N/A,$3.00,$3.00 per 100g,https://foodlandbalaklava.com.au//lines/pc-chickpea-chips-g-f-100g
Foodland Balaklava,2025-05-04 23:56:13,Pc Corn Chips Cheese Gf,400g,N/A,$8.50,N/A,https://foodlandbalaklava.com.au//lines/pc-corn-chips-cheese-gf-400g
Foodland Balaklava,2025-05-04 23:56:13,Pc Crushed Nuts,125g,N/A,$2.99,$23.92 per kg,https://foodlandbalaklava.com.au//lines/p-c-crushed-nuts-125g
Foodland Balaklava,2025-05-04 23:56:13,Pc Peanut Galore Mix,500g,N/A,$9.20,$1.84 per 100g,https://foodlandbalaklava.com.au//lines/pc-peanut-galore-mix-500g
Foodland Balaklava,2025-05-04 23:56:13,Pc Pepitas,500g,N/A,$8.00,$1.60 per 100g,https://foodlandbalaklava.com.au//lines/pc-pepitas-500g
Foodland Balaklava,2025-05-04 23:56:13,Pc Pumpkin Seeds Salted,275g,N/A,$7.80,$2.84 per 100g,https://foodlandbalaklava.com.au//lines/pc-pumpkin-seeds-salted-275g
Foodland Balaklava,2025-05-04 23:56:13,Pc Rsted Fruit & Nut Mix,500g,N/A,$9.40,$1.88 per 100g,https://foodlandbalaklava.com.au//lines/pc-rsted-fruit-nut-mix-500g
Foodland Balaklava,2025-05-04 23:56:13,Pears Beurre Bosc Per Kg,N/A,N/A,$0.71,$5.10 per kg,https://foodlandbalaklava.com.au//lines/pears-beurre-bosc-per-kg
Foodland Balaklava,2025-05-04 23:56:13,Pears Nashi Per Kg,N/A,N/A,$9.40,N/A,https://foodlandbalaklava.com.au//lines/pears-nashi-per-kg-1
Foodland Balaklava,2025-05-04 23:56:13,Pears Natural Pomegranate Soap,125g,was $3.15,$2.90,$2.32 per 100g,https://foodlandbalaklava.com.au//lines/pears-soap-nat-pomegrn-125gm
Foodland Balaklava,2025-05-04 23:56:13,Pears Pure & Gentle With Natural Oils Transparent Soap 3 Pack X,125g,N/A,$7.55,$2.01 per 100g,https://foodlandbalaklava.com.au//lines/pears-soap-val-pack-3x125gm
Foodland Balaklava,2025-05-04 23:56:13,Peck's Anchovette Tasty Spread,125g,N/A,$5.80,$4.64 per 100g,https://foodlandbalaklava.com.au//lines/pecks-sprd-anchovette-125gm
Foodland Balaklava,2025-05-04 23:56:13,Peckish Fancies Premium Flavoured Rice Crackers Caramelised Onion & Balsamic Vinegar,90g,N/A,$3.10,$3.10 per 100g,https://foodlandbalaklava.com.au//lines/pe-r-c-car-onion-b-vin-90gm
Foodland Balaklava,2025-05-04 23:56:13,Peckish Rice Crackers Salt & Vinegar,90g,N/A,$2.70,$3.00 per 100g,https://foodlandbalaklava.com.au//lines/peckish-rc-salt-vinegar-90g
Foodland Balaklava,2025-05-04 23:56:13,Peckish Rice Crackers Sour Cream & Chives,90g,N/A,$2.70,$3.00 per 100g,https://foodlandbalaklava.com.au//lines/peckish-rc-s-crm-chives-90g
Foodland Balaklava,2025-05-04 23:56:13,Pedigree Adult Wet Dog Food Beef Pasta & Vegies Homestyle Can,1.2kg,N/A,$4.00,$0.33 per 100g,https://foodlandbalaklava.com.au//lines/pedigr-h-style-bf-pst-veg1-2kg
Foodland Balaklava,2025-05-04 23:56:13,Pedigree Adult Wet Dog Food Lamb Pasta & Vegies Homestyle Can,1.2kg,N/A,$4.00,$0.33 per 100g,https://foodlandbalaklava.com.au//lines/pedigr-h-style-lmb-pst-veg1-2k
Foodland Balaklava,2025-05-04 23:56:13,"Pedigree Adult Wet Dog Food With Beef, Pasta & Vegies Homestyle Can",700g,N/A,$3.50,$0.50 per 100g,https://foodlandbalaklava.com.au//lines/pedigr-h-style-bf-pas-veg700gm
Foodland Balaklava,2025-05-04 23:56:13,"Pedigree Adult Wet Dog Food With Chicken, Rice & Vegies Homestyle Can",700g,N/A,$3.50,$0.50 per 100g,https://foodlandbalaklava.com.au//lines/pedigr-h-style-ch-rce-veg700gm
Foodland Balaklava,2025-05-04 23:56:13,"Pedigree Adult Wet Dog Food With Lamb, Pasta & Vegies Homestyle Can",700g,N/A,$3.50,$0.50 per 100g,https://foodlandbalaklava.com.au//lines/pedigr-h-style-lmb-pst-veg700g
Foodland Balaklava,2025-05-04 23:56:13,Pedigree Dentastix Chewy Chunx Mini Smoky Chicken Flavour Small Dog Treat Dental Chew,68g,N/A,$4.50,$6.62 per 100g,https://foodlandbalaklava.com.au//lines/pedigr-dentastix-chunx-max68gm
Foodland Balaklava,2025-05-04 23:56:13,Pedigree Dentastix Medium Dental Daily Dog Treats 28 Sticks,N/A,N/A,$24.00,$3.33 per 100g,https://foodlandbalaklava.com.au//lines/pedigr-dentastix-medium-28stks
Foodland Balaklava,2025-05-04 23:56:13,Pedigree Dog Treat Puppy Milk Carton,1L,N/A,$5.80,$0.58 per 100mL,https://foodlandbalaklava.com.au//lines/pedigr-puppy-milk-1l
Foodland Balaklava,2025-05-04 23:56:13,Penfield Apple Cider Vineger,400mL,N/A,$2.45,$0.61 per 100mL,https://foodlandbalaklava.com.au//lines/p-field-apple-cider-vinegar-400ml
Foodland Balaklava,2025-05-04 23:56:13,Penfield Food Co Capsicum Stuffed Green Olives,240g,N/A,$4.00,$1.67 per 100g,https://foodlandbalaklava.com.au//lines/p-field-green-olives-stufd-capsicum-240g
Foodland Balaklava,2025-05-04 23:56:13,Penfield Olives Pitted Olives,250g,N/A,$3.99,$1.60 per 100g,https://foodlandbalaklava.com.au//lines/p-field-whole-pitted-k-mata-olive-250g
Foodland Balaklava,2025-05-04 23:56:13,Pepsi Cola Soft Drink Cans Multipack,24 x 375mL,was $39.40,$22.50,$2.50 per L,https://foodlandbalaklava.com.au//lines/pepsi-cola-cube-24x375ml
Foodland Balaklava,2025-05-04 23:56:13,Perfect Italiano Cheese Extra Sharp Grated Parmesan,125g,was $4.75,$4.00,$32.00 per kg,https://foodlandbalaklava.com.au//lines/perfect-chse-parm-x-sharp125gm
Foodland Balaklava,2025-05-04 23:56:13,Perfect Italiano Cheese Perfect Melt Shredded,450g,N/A,$9.50,$21.11 per kg,https://foodlandbalaklava.com.au//lines/perfect-chse-shrd-4-blnd-450gm
Foodland Balaklava,2025-05-04 23:56:13,Perfect Italiano Cheese Shaved Parmesan,125g,was $4.75,$4.00,$32.00 per kg,https://foodlandbalaklava.com.au//lines/perfect-chse-parm-ital-shv125g
Foodland Balaklava,2025-05-04 23:56:13,Perfect Italiano Cheese Smooth Ricotta,500g,N/A,$7.35,$14.70 per kg,https://foodlandbalaklava.com.au//lines/perfect-chse-ricotta-smth500gm
Foodland Balaklava,2025-05-04 23:56:13,Perfect Italiano Mozzarella Traditional Grated Cheese,450g,N/A,$9.50,$21.11 per kg,https://foodlandbalaklava.com.au//lines/perfect-chse-mozz-shrd-450gm
Foodland Balaklava,2025-05-04 23:56:13,Pet Hub Dog Poop Bag Refil#​60s,N/A,N/A,$4.15,$0.07 Each,https://foodlandbalaklava.com.au//lines/pet-hub-dog-poop-bag-refil-60s
Foodland Balaklava,2025-05-04 23:56:13,Peters I/​Crm L/​Free Van,1.2L,N/A,$9.45,$0.79 per 100mL,https://foodlandbalaklava.com.au//lines/peters-i-crm-l-free-van-1-2l-1
Foodland Balaklava,2025-05-04 23:56:13,Peters I/​Crm Orig Neapoltn,4L,was $11.45,$10.30,$0.26 per 100mL,https://foodlandbalaklava.com.au//lines/peters-i-crm-orig-neapoltn-4l-1
Foodland Balaklava,2025-05-04 23:56:13,Peters M/​P D/​Stk Boy/​Bry 4s,N/A,was $10.00,$9.20,$1.93 per 100mL,https://foodlandbalaklava.com.au//lines/peters-m-p-d-stk-boy-bry-4s
Foodland Balaklava,2025-05-04 23:56:13,Peter’​S Dulche De Leche Drunsticks,N/A,was $10.00,$9.20,$1.94 per 100mL,https://foodlandbalaklava.com.au//lines/peters-m-p-d-stk-dulc-d-lche4s
Foodland Balaklava,2025-05-04 23:56:13,Peter’​S Original Banana Split Ice Cream,2L,N/A,$5.50,$0.28 per 100mL,https://foodlandbalaklava.com.au//lines/peters-i-crm-orig-ban-split-2l
Foodland Balaklava,2025-05-04 23:56:13,Philadelphia Pourover Sweet Chilli,150g,was $4.20,$3.60,$24.00 per kg,https://foodlandbalaklava.com.au//lines/philly-chilli-swt-150gm
Foodland Balaklava,2025-05-04 23:56:13,Piksters Interdental Brushes Purple Size 1 10pk 1pk,N/A,was $7.90,$7.45,$0.74 Each,https://foodlandbalaklava.com.au//lines/pikstrs-i-dntl-brh-prpl-s1-10p
Foodland Balaklava,2025-05-04 23:56:13,Piksters Shield Level 2 Face Mask 10pk,N/A,N/A,$12.00,$1.20 Each,https://foodlandbalaklava.com.au//lines/pikstrs-shld-fce-msk-lvl1-10pk-1
Foodland Balaklava,2025-05-04 23:56:13,Pilot Frixon Ball Erasable Pen Blue,N/A,N/A,$3.85,N/A,https://foodlandbalaklava.com.au//lines/pilot-pen-erasble-blue
Foodland Balaklava,2025-05-04 23:56:13,Pine O Cleen Antibacterial Liquid Disinfectant Eucalyptus,1.25L,N/A,$8.40,$6.72 per L,https://foodlandbalaklava.com.au//lines/pine-o-cleen-eucalyptus-1-25l
Foodland Balaklava,2025-05-04 23:56:13,Pine O Cleen Antibacterial Liquid Disinfectant Pine,1.25L,N/A,$8.40,$6.72 per L,https://foodlandbalaklava.com.au//lines/pine-o-cleen-pine-1-25l
Foodland Balaklava,2025-05-04 23:56:13,Pine O Cleen Disinfectant Biodegradable Wipes Tropical Blossom 110 Pack,N/A,was $12.60,$11.25,$0.10 Each,https://foodlandbalaklava.com.au//lines/pine-o-cleen-wipes-trop-110s
Foodland Balaklava,2025-05-04 23:56:13,Pizza Cheese,N/A,N/A,$2.70,$2.45 per 100g,https://foodlandbalaklava.com.au//lines/pizza-cheese
Foodland Balaklava,2025-05-04 23:56:14,Platinum Extra Heavy Duty Aaa,N/A,N/A,$4.80,$1.20 Each,https://foodlandbalaklava.com.au//lines/platinum-bat-s-h-d-aaa-4pk
Foodland Balaklava,2025-05-04 23:56:14,Pledge Grab-It Duster Refills 5 Pack,N/A,N/A,$11.35,N/A,https://foodlandbalaklava.com.au//lines/pledge-grab-it-duster-rf-100gm
Foodland Balaklava,2025-05-04 23:56:14,Pledge Grab-It Electrostatic Dusting Cloths 20ct,N/A,N/A,$8.95,$0.45 Each,https://foodlandbalaklava.com.au//lines/pledge-grab-it-static-clth-20s
Foodland Balaklava,2025-05-04 23:56:14,Pods Twix Chocolate Snack & Share Party Bag,160g,was $7.35,$5.40,$3.38 per 100g,https://foodlandbalaklava.com.au//lines/pods-twix-pch-160gm
Foodland Balaklava,2025-05-04 23:56:14,Popcorners Popped Corn Snacks Cheddar Cheese,130g,N/A,$5.05,$3.88 per 100g,https://foodlandbalaklava.com.au//lines/popcorners-ched-chse-130g
Foodland Balaklava,2025-05-04 23:56:14,Popcorners Popped Corn Snacks Sea Salt,130g,N/A,$5.05,$3.88 per 100g,https://foodlandbalaklava.com.au//lines/popcorners-sea-slt-130g
Foodland Balaklava,2025-05-04 23:56:14,Popcorners Popped Corn Snacks Sour Cream & Chives,130g,N/A,$5.05,$3.88 per 100g,https://foodlandbalaklava.com.au//lines/popcorners-sr-crm-chive130gm
Foodland Balaklava,2025-05-04 23:56:14,Popcorners Sweet Chilli,130g,was $5.05,$3.00,$2.31 per 100g,https://foodlandbalaklava.com.au//lines/popcorners-swt-chilli-130g
Foodland Balaklava,2025-05-04 23:56:14,Pork Belly Portion Rw,N/A,was $22.50,$20.00,N/A,https://foodlandbalaklava.com.au//lines/pork-belly-portion-rw
Foodland Balaklava,2025-05-04 23:56:14,Potato Salad Rw,N/A,N/A,$12.00,N/A,https://foodlandbalaklava.com.au//lines/s-fresh-traditional-potato-rw-1
Foodland Balaklava,2025-05-04 23:56:14,Potting Mix All Purpose,25L,N/A,$4.35,N/A,https://foodlandbalaklava.com.au//lines/potting-mix-all-purpose-25l
Foodland Balaklava,2025-05-04 23:56:14,Praise Burger Sauce,250mL,was $4.75,$4.00,$1.60 per 100mL,https://foodlandbalaklava.com.au//lines/praise-sce-burger-del-sty250ml
Foodland Balaklava,2025-05-04 23:56:14,Praise Caesar Salad Croutons,150g,N/A,$4.20,$2.80 per 100g,https://foodlandbalaklava.com.au//lines/praise-drs-caesar-crout-150gm
Foodland Balaklava,2025-05-04 23:56:14,Praise Everyday Balsamic Dressing,330mL,was $3.80,$3.00,$0.91 per 100mL,https://foodlandbalaklava.com.au//lines/praise-drs-balsamic-330ml
Foodland Balaklava,2025-05-04 23:56:14,Praise Everyday French Dressing,330mL,was $3.80,$3.00,$0.91 per 100mL,https://foodlandbalaklava.com.au//lines/praise-drs-french-330ml
Foodland Balaklava,2025-05-04 23:56:14,Praise Mayo,500g,N/A,$8.40,$1.68 per 100g,https://foodlandbalaklava.com.au//lines/praise-mayo-lgt-l-sug-sqz500gm
Foodland Balaklava,2025-05-04 23:56:14,Praise Mayonnaise Traditional Mayo,490g,N/A,$4.50,$0.92 per 100mL,https://foodlandbalaklava.com.au//lines/praise-mayo-trad-sqz-490gm
Foodland Balaklava,2025-05-04 23:56:14,Praise Mini Thai Beef Salad Dressing,140mL,was $2.65,$2.25,$1.61 per 100mL,https://foodlandbalaklava.com.au//lines/praise-drs-thai-mini-140ml
Foodland Balaklava,2025-05-04 23:56:14,Praise Tartare Sauce,250mL,N/A,$3.70,$1.48 per 100mL,https://foodlandbalaklava.com.au//lines/praise-sce-tartare-sqz-250ml
Foodland Balaklava,2025-05-04 23:56:14,Prawns King 10/​15 Whole Cooked,N/A,N/A,$45.00,N/A,https://foodlandbalaklava.com.au//lines/prawns-king-10-15-whole-cooked
Foodland Balaklava,2025-05-04 23:56:14,Prime Strawberry & Banana Hydration,500mL,was $4.75,$3.50,$7.00 per L,https://foodlandbalaklava.com.au//lines/prime-hydrat-sbry-ban-500ml
Foodland Balaklava,2025-05-04 23:56:14,Primo Cabanossi,375g,was $9.45,$8.40,$22.40 per kg,https://foodlandbalaklava.com.au//lines/primo-cabanossi-375gm
Foodland Balaklava,2025-05-04 23:56:14,Primo Double Smoked Leg Ham,100g,was $4.15,$3.95,$39.50 per kg,https://foodlandbalaklava.com.au//lines/primo-ham-leg-dbl-smkd-100gm-1
Foodland Balaklava,2025-05-04 23:56:14,Primo Hot Hungarian Salami,80g,was $4.15,$3.95,$49.38 per kg,https://foodlandbalaklava.com.au//lines/primo-salami-hung-hot-80gm
Foodland Balaklava,2025-05-04 23:56:14,Primo Hungarian Mild Salami,80g,was $4.15,$3.95,$49.38 per kg,https://foodlandbalaklava.com.au//lines/primo-salami-hung-thn-slc-80gm
Foodland Balaklava,2025-05-04 23:56:14,Primo Manuka Honey Leg Ham,100g,was $4.15,$3.95,$39.50 per kg,https://foodlandbalaklava.com.au//lines/primo-ham-honey-shaved-100gm
Foodland Balaklava,2025-05-04 23:56:14,Primo Party Faves Cabanossi Cheese And Jatz Crackers,50g,N/A,$4.75,$95.00 per kg,https://foodlandbalaklava.com.au//lines/primo-trio-chs-cab-jatz-50gm
Foodland Balaklava,2025-05-04 23:56:14,Primo Short Cut Bacon,750g,was $17.65,$14.80,$19.73 per kg,https://foodlandbalaklava.com.au//lines/primo-bacon-shrt-r-less-750gm
Foodland Balaklava,2025-05-04 23:56:14,Primo Stackers Chicken Breast Cheddar Cheese & Rice Crackers,45g,N/A,$4.75,$105.56 per kg,https://foodlandbalaklava.com.au//lines/primo-chkn-r-crk-stacker-45gm
Foodland Balaklava,2025-05-04 23:56:14,Primo Stackers Leg Ham Cheddar Cheese & Crackers,50g,N/A,$4.75,$95.00 per kg,https://foodlandbalaklava.com.au//lines/primo-ham-leg-stacker-50gm
Foodland Balaklava,2025-05-04 23:56:14,"Primo Stackers Mild Pepperoni, Cheddar Cheese & Jatz Crackers",57g,N/A,$4.75,$83.33 per kg,https://foodlandbalaklava.com.au//lines/primo-stackr-mld-pep-jatz-57gm
Foodland Balaklava,2025-05-04 23:56:14,Pringles Caribbean Spiced Chicken Flavour - A Taste Of Local Limited Edition,118g,was $5.80,$2.75,$2.33 per 100g,https://foodlandbalaklava.com.au//lines/pringles-chips-carr-chic-118g
Foodland Balaklava,2025-05-04 23:56:14,Prolive Probio Drk,10 x 63mL,N/A,$7.30,$11.59 per L,https://foodlandbalaklava.com.au//lines/prolive-probio-drk-10x63ml
Foodland Balaklava,2025-05-04 23:56:14,Proud & Punch 6 Pack Coconuts For Mango,450mL,N/A,$8.95,$1.99 per 100mL,https://foodlandbalaklava.com.au//lines/proud-pnch-m-p-coco-mango-6s
Foodland Balaklava,2025-05-04 23:56:14,Pump Spring Water Bottle,750mL,N/A,$3.80,$5.07 per L,https://foodlandbalaklava.com.au//lines/pump-pure-water-750ml
Foodland Balaklava,2025-05-04 23:56:14,Pura Milk Carton (​Tas & Sa Only),1L,N/A,$2.80,$2.80 per L,https://foodlandbalaklava.com.au//lines/pura-whole-milk-1l
Foodland Balaklava,2025-05-04 23:56:14,Pureharvest Organic Tamari Gluten Free Soy Sauce,250mL,N/A,$4.50,$1.80 per 100mL,https://foodlandbalaklava.com.au//lines/p-harv-sce-soy-tamri-g-f-250ml
Foodland Balaklava,2025-05-04 23:56:14,Purity Sensitive Laundry Liquid Detergent Front & Top Loader,2L,was $7.55,$6.50,$3.25 per L,https://foodlandbalaklava.com.au//lines/purity-laundry-liquid-2l
Foodland Balaklava,2025-05-04 23:56:14,Queen Food Colouring Rose Pink,50mL,N/A,$1.25,N/A,https://foodlandbalaklava.com.au//lines/queen-cake-colouring-pink-50ml
Foodland Balaklava,2025-05-04 23:56:14,Queen Gelatine Powder,3 x 12g,N/A,$2.55,$7.08 per 100g,https://foodlandbalaklava.com.au//lines/queen-gelatine-pwd-sach-36gm
Foodland Balaklava,2025-05-04 23:56:14,Queen Glucose Syrup,500g,N/A,$5.15,$1.03 per 100g,https://foodlandbalaklava.com.au//lines/queen-glucose-500gm
Foodland Balaklava,2025-05-04 23:56:14,Queen Natural Peppermint Extract,50mL,N/A,$2.65,$5.30 per 100mL,https://foodlandbalaklava.com.au//lines/queen-extrct-nat-pmint-50ml
Foodland Balaklava,2025-05-04 23:56:14,Queen Vanilla Bean Paste,65g,was $12.40,$10.30,$1.58 per 10g,https://foodlandbalaklava.com.au//lines/queen-paste-vanilla-bean-65gm
Foodland Balaklava,2025-05-04 23:56:14,Queen Vanilla Extract,150mL,N/A,$10.50,$7.00 per 100mL,https://foodlandbalaklava.com.au//lines/queen-extrct-van-150ml
Foodland Balaklava,2025-05-04 23:56:14,Quick Eze Forest Berry Chewy Rapid Heartburn & Indigestion Relief 3x8 Pack 8pk,N/A,was $3.70,$3.10,$7.75 per 100g,https://foodlandbalaklava.com.au//lines/quick-eze-chewy-frstbry-40gm
Foodland Balaklava,2025-05-04 23:56:14,R/​Fresh Caesar Cos,120g,N/A,$3.30,N/A,https://foodlandbalaklava.com.au//lines/r-fresh-caesar-cos-120g
Foodland Balaklava,2025-05-04 23:56:14,R/​Fresh Rocket/​Spinach Mix,120g,N/A,$3.39,$2.82 per 100g,https://foodlandbalaklava.com.au//lines/r-fresh-rocket-spinach-mix-100gm
Foodland Balaklava,2025-05-04 23:56:14,R/​Fresh Sweet Mix,200g,N/A,$4.30,$2.15 per 100g,https://foodlandbalaklava.com.au//lines/r-fresh-sweet-mix-200gm
Foodland Balaklava,2025-05-04 23:56:17,Radiant Mixed Colour Fabric Detergent,2kg,was $21.00,$12.00,$6.00 per kg,https://foodlandbalaklava.com.au//lines/radiant-fbric-pdr-mxd-col-2kg
Foodland Balaklava,2025-05-04 23:56:17,Radox Shower Gel Washes Away Bacteria Feel Extreme Body Wash With Sea Minerals & Citrus Fragrance,1L,was $12.60,$9.00,$0.90 per 100mL,https://foodlandbalaklava.com.au//lines/radox-shwr-gel-orignl-men-1l
Foodland Balaklava,2025-05-04 23:56:17,Rafferty's Garden Italian Lasagne Lumpy,170g,was $2.95,$2.50,$1.47 per 100g,https://foodlandbalaklava.com.au//lines/rafferty-lasagne-170gm
Foodland Balaklava,2025-05-04 23:56:17,Rafferty's Garden Premium Baby Food Banana + Apple + Blueberry,120g,was $2.25,$2.00,$1.67 per 100g,https://foodlandbalaklava.com.au//lines/rafferty-blu-ban-apl-pur-120gm
Foodland Balaklava,2025-05-04 23:56:17,"Rafferty's Garden Red Lentil, Carrot & Sweet Potato",120g,was $2.25,$2.00,$1.67 per 100g,https://foodlandbalaklava.com.au//lines/rafferty-brn-rce-bn-pump-120gm
Foodland Balaklava,2025-05-04 23:56:17,Rafferty’​S Chicken & Sweetcorn Risotto Pouch,170g,was $2.95,$2.50,$1.47 per 100g,https://foodlandbalaklava.com.au//lines/rafferty-rissot-chic-scrn170gm
Foodland Balaklava,2025-05-04 23:56:17,Raid Max Fly & Mosquito Indoor Protection Plug In Refill,4.2g,N/A,$18.40,$460.00 per 100g,https://foodlandbalaklava.com.au//lines/raid-n-d-fly-mosq-rf-2-x-2-1g
Foodland Balaklava,2025-05-04 23:56:17,Real Foods Rice Thins Wholegrain,150g,N/A,$2.20,$1.47 per 100g,https://foodlandbalaklava.com.au//lines/real-rice-thins-150g
Foodland Balaklava,2025-05-04 23:56:17,Red Bull Energy Drink,12 x 250mL,N/A,$24.00,$8.00 per L,https://foodlandbalaklava.com.au//lines/red-bull-energy-drink-12x250ml
Foodland Balaklava,2025-05-04 23:56:17,Red Bull Energy Drink Sugar Free,355mL,was $4.50,$3.90,$10.99 per L,https://foodlandbalaklava.com.au//lines/red-bull-energy-sug-free-355ml
Foodland Balaklava,2025-05-04 23:56:17,Red Rock Deli Potato Chips Australian Sea Salt,165g,was $6.00,$4.50,$2.73 per 100g,https://foodlandbalaklava.com.au//lines/rr-deli-chip-sea-salt-165gm
Foodland Balaklava,2025-05-04 23:56:17,Red Rock Deli Potato Chips Multipack 5 Pack Honey Soy & Chicken,140g,was $6.05,$4.50,$3.21 per 100g,https://foodlandbalaklava.com.au//lines/rr-deli-chck-hny-soy-5pk140gm-1
Foodland Balaklava,2025-05-04 23:56:17,Red Rock Deli Potato Chips Platter Party Bag Sweet Chili & Sour Cream,290g,was $9.35,$4.45,$1.53 per 100g,https://foodlandbalaklava.com.au//lines/rr-deli-chip-chil-sr-crm-290gm
Foodland Balaklava,2025-05-04 23:56:17,"Red Rock Deli Roasted Pumpkins, Caramelised Onion & Cashews",135g,was $5.25,$4.50,$3.33 per 100g,https://foodlandbalaklava.com.au//lines/rr-deli-dip-rst-pmpk-on-135gm
Foodland Balaklava,2025-05-04 23:56:17,"Red Rock Deli Roasted Red Capsicum, Pecorino, Cashew & Basil Dip",135g,was $5.25,$4.50,$3.33 per 100g,https://foodlandbalaklava.com.au//lines/rr-deli-dip-caps-basil-135gm
Foodland Balaklava,2025-05-04 23:56:17,"Red Rock Deli Roasted Tomato, Fetta & Cashew Dip",135g,was $5.25,$4.50,$3.33 per 100g,https://foodlandbalaklava.com.au//lines/rr-deli-dip-rst-tom-bas-135gm
Foodland Balaklava,2025-05-04 23:56:17,Red Rock Deli Sweet Chilli & Sour Cream Deli Style Crackers Share Pack,135g,was $5.00,$4.00,$2.96 per 100g,https://foodlandbalaklava.com.au//lines/rr-deli-crk-swt-ch-sr-crm135gm
Foodland Balaklava,2025-05-04 23:56:17,Red Rock Deli Thai Chilli & Lime Dip With Cashews,135g,was $5.25,$4.50,$3.33 per 100g,https://foodlandbalaklava.com.au//lines/rr-deli-dip-thai-chl-lme-135gm
Foodland Balaklava,2025-05-04 23:56:17,Red Tractor Protein Creamy Oats,750g,N/A,$8.75,$1.17 per 100g,https://foodlandbalaklava.com.au//lines/red-tractor-oats-creamy-original-750gm
Foodland Balaklava,2025-05-04 23:56:17,Redberry Black Comb 4pk,N/A,N/A,$3.15,$0.79 Each,https://foodlandbalaklava.com.au//lines/redberry-black-comb-4pk
Foodland Balaklava,2025-05-04 23:56:17,Redberry Shower Cap Disp 6pk,N/A,N/A,$2.31,$0.38 Each,https://foodlandbalaklava.com.au//lines/redberry-shower-cap-disp-6pk
Foodland Balaklava,2025-05-04 23:56:17,Redheads Handy Pack Long Safety Matches 90 X 3 Pack,N/A,N/A,$3.70,$1.37 Units100,https://foodlandbalaklava.com.au//lines/redhead-matches-handypk-270-3
Foodland Balaklava,2025-05-04 23:56:17,Redwin Sorbolene Moisturiser,550mL,N/A,$8.40,$1.53 per 100mL,https://foodlandbalaklava.com.au//lines/redwin-sorb-lotion-550ml
Foodland Balaklava,2025-05-04 23:56:17,Remedy Organic Kombucha Ginger Lemon 4 Pack X,250mL,N/A,$8.29,$8.29 per L,https://foodlandbalaklava.com.au//lines/remedy-ginger-lemon-250ml-4pk
Foodland Balaklava,2025-05-04 23:56:17,Remedy Organic Kombucha Raspberry Lemonade 4 Pack X,250mL,N/A,$8.29,$8.29 per L,https://foodlandbalaklava.com.au//lines/remedy-raspberry-lemonade-250ml-4pk
Foodland Balaklava,2025-05-04 23:56:17,Reva Pegs 36 Pack,N/A,was $6.05,$5.40,$0.15 Each,https://foodlandbalaklava.com.au//lines/reva-pegs-36-pack
Foodland Balaklava,2025-05-04 23:56:17,Rexona Men 48h Roll On Antiperspirant Deodorant Ice Cool,50mL,N/A,$3.50,$7.00 per 100mL,https://foodlandbalaklava.com.au//lines/rexona-ap-r-o-men-ice-cool50ml
Foodland Balaklava,2025-05-04 23:56:17,Rexona Men 72h Advanced Roll On Antiperspirant Deodorant Invisible Dry Black & White Body Heat Activated,50mL,N/A,$5.80,$11.60 per 100mL,https://foodlandbalaklava.com.au//lines/rexona-ap-adv-men-inv-b-w-50ml
Foodland Balaklava,2025-05-04 23:56:17,Rexona Men 72h Advanced Roll On Antiperspirant Deodorant Sport Antibacterial,50mL,N/A,$5.80,$11.60 per 100mL,https://foodlandbalaklava.com.au//lines/rexona-ap-adv-men-ant-sprt50ml
Foodland Balaklava,2025-05-04 23:56:17,Rexona Men Advanced Protection Deodorant 72-Hour Sweat And Odour Protection Xtra Cool Antiperspirant,220mL,N/A,$10.00,$4.55 per 100mL,https://foodlandbalaklava.com.au//lines/rexona-ap-adv-men-xcool-220ml
Foodland Balaklava,2025-05-04 23:56:17,Rexona Men Advanced Protection Deodorant Invisible Dry Ice Fresh Antiperspirant,220mL,N/A,$10.00,$4.55 per 100mL,https://foodlandbalaklava.com.au//lines/rexona-ap-adv-men-ice-frs220ml
Foodland Balaklava,2025-05-04 23:56:17,Rexona Men Deodorant Aerosol Antiperspirant Quantum 48-Hour Sweat And Odour Protection,250mL,was $8.95,$6.00,$2.40 per 100mL,https://foodlandbalaklava.com.au//lines/rexona-deod-quantum-anti-250ml
Foodland Balaklava,2025-05-04 23:56:17,Rexona Women 48h Roll On Antiperspirant Deodorant Shower Fresh,50mL,N/A,$3.50,$7.00 per 100mL,https://foodlandbalaklava.com.au//lines/rexona-ap-r-o-wmn-sh-frsh-50ml
Foodland Balaklava,2025-05-04 23:56:17,Rexona Women 72h Advanced Roll On Antiperspirant Deodorant Bright Bouquet,50mL,N/A,$5.80,$11.60 per 100mL,https://foodlandbalaklava.com.au//lines/rexona-ap-r-o-wmn-adv-bouq50ml
Foodland Balaklava,2025-05-04 23:56:17,Rexona Women Advanced Protection Deodorant 72-Hour Sweat And Odour Protection Watermelon Freeze Antiperspirant,220mL,N/A,$10.00,$4.55 per 100mL,https://foodlandbalaklava.com.au//lines/rexona-ap-adv-wmn-wtrmln-220ml
Foodland Balaklava,2025-05-04 23:56:17,Rexona Women Advanced Protection Deodorant Aerosol Antiperspirant Melon Aloe Antiperspirant,220mL,N/A,$10.00,$4.55 per 100mL,https://foodlandbalaklava.com.au//lines/rexona-ap-adv-wmn-mln-alo220ml
Foodland Balaklava,2025-05-04 23:56:17,Rexona Women Antiperspirant Aerosol Sexy Bouquet,250mL,was $8.95,$6.00,$2.40 per 100mL,https://foodlandbalaklava.com.au//lines/rexona-ap-women-sexy-250ml
Foodland Balaklava,2025-05-04 23:56:17,Rexona Women Clinical Protection Antiperspirant Deodorant Cream Summer Strength For 3x Stronger Protection*,45mL,N/A,$14.70,$32.67 per 100mL,https://foodlandbalaklava.com.au//lines/rexona-ap-clncl-summr-men-45ml
Foodland Balaklava,2025-05-04 23:56:17,Rexona Women Clinical Protection Antiperspirant Sheer Powder,45mL,N/A,$14.70,$32.67 per 100mL,https://foodlandbalaklava.com.au//lines/rexona-a-p-crm-sheer-pwdr-45ml
Foodland Balaklava,2025-05-04 23:56:17,Ribena Fruit Drink Blackcurrant Pet,500mL,N/A,$2.90,$5.80 per L,https://foodlandbalaklava.com.au//lines/ribena-rtd-b-crnt-500ml
Foodland Balaklava,2025-05-04 23:56:17,Ribena Fruit Juice Syrup Blackcurrant,1L,was $11.10,$8.25,$8.25 per L,https://foodlandbalaklava.com.au//lines/ribena-syrup-f-j-b-crnt-1l
Foodland Balaklava,2025-05-04 23:56:17,Rice-A-Riso Chicken,180g,N/A,$3.00,$1.67 per 100g,https://foodlandbalaklava.com.au//lines/rice-a-riso-chicken-180gm
Foodland Balaklava,2025-05-04 23:56:17,Rich'n'nat Potting Mix,25L,N/A,$5.10,$0.20 per L,https://foodlandbalaklava.com.au//lines/rich-n-nat-potting-mix-25lt
Foodland Balaklava,2025-05-04 23:56:17,Ritz Black Pepper Crackers,227g,N/A,$3.70,$1.63 per 100g,https://foodlandbalaklava.com.au//lines/ritz-cracker-pepper-blk-227gm
Foodland Balaklava,2025-05-04 23:56:17,Riviana Basmati Long Grain Rice,1kg,N/A,$7.00,$0.70 per 100g,https://foodlandbalaklava.com.au//lines/riviana-basm-rice-long-grn-1kg
Foodland Balaklava,2025-05-04 23:56:17,Riviana Crabmeat,170g,N/A,$4.50,$26.47 per kg,https://foodlandbalaklava.com.au//lines/riviana-crabmeat-170gm
Foodland Balaklava,2025-05-04 23:56:17,Riviera American Potato Bun,N/A,N/A,$4.70,$1.18 Each,https://foodlandbalaklava.com.au//lines/riviera-american-potato-buns-4pk
Foodland Balaklava,2025-05-04 23:56:17,Riviera Bakery Pizza Dough,1kg,N/A,$4.50,$0.45 per 100g,https://foodlandbalaklava.com.au//lines/dough-1kg
Foodland Balaklava,2025-05-04 23:56:18,Robert Timm’​S Intense Freeze Dried Coffee,90g,N/A,$11.55,$12.83 per 100g,https://foodlandbalaklava.com.au//lines/timms-coff-f-dry-intnse-90g
Foodland Balaklava,2025-05-04 23:56:18,Romanella Extra Virgin Olive Oil,500mL,was $16.00,$14.40,$2.88 per 100mL,https://foodlandbalaklava.com.au//lines/romanella-ex-vir-olive-oil-500ml
Foodland Balaklava,2025-05-04 23:56:18,Rose's® Strawberry Conserve,375g,N/A,$4.30,$1.15 per 100g,https://foodlandbalaklava.com.au//lines/roses-conserve-strwbry-375gm
Foodland Balaklava,2025-05-04 23:56:18,Rosebay Farms Vanilla Wafer Smoothie,425mL,N/A,$4.80,$1.13 per 100mL,https://foodlandbalaklava.com.au//lines/rokeby-protein-nas-vanilla-wafer-425ml
Foodland Balaklava,2025-05-04 23:56:18,Rosella Tomato Sauce,500mL,was $4.40,$4.10,$0.82 per 100mL,https://foodlandbalaklava.com.au//lines/ros-sce-tomato-squeezy-500ml
Foodland Balaklava,2025-05-04 23:56:18,Rosella White Cocktail Onions,150g,was $2.39,$2.15,$1.43 per 100g,https://foodlandbalaklava.com.au//lines/ros-cocktail-onions-wht-150gm
Foodland Balaklava,2025-05-04 23:56:18,Royal Kerry Peach Slices,1kg,N/A,$7.50,$7.50 per kg,https://foodlandbalaklava.com.au//lines/rk-peach-slices-in-syrup-1kg
Foodland Balaklava,2025-05-04 23:56:18,S&​W Real Whole Egg Mayonnaise Squeezeable,320g,was $6.30,$5.80,$1.81 per 100mL,https://foodlandbalaklava.com.au//lines/s-w-mayo-whole-egg-sqze-320gm
Foodland Balaklava,2025-05-04 23:56:18,S&​W Whole Egg Mayonnaise,880g,N/A,$11.05,$1.26 per 100g,https://foodlandbalaklava.com.au//lines/s-w-mayonnaise-whole-egg-880gm
Foodland Balaklava,2025-05-04 23:56:18,S/​Gully Onion Swt Wht,500g,N/A,$4.85,$9.70 per kg,https://foodlandbalaklava.com.au//lines/s-gully-onion-swt-wht-500gm
Foodland Balaklava,2025-05-04 23:56:18,Sabco Jiffy Indoor Broom,N/A,N/A,$14.99,N/A,https://foodlandbalaklava.com.au//lines/sabco-jiffy-indoor-broom
Foodland Balaklava,2025-05-04 23:56:18,Safcol Delicatessen Smoked Mussels In Oil,85g,N/A,$2.00,$23.53 per kg,https://foodlandbalaklava.com.au//lines/safcol-mussels-in-oil-85gm
Foodland Balaklava,2025-05-04 23:56:18,Sagfc Soup Crm Pumpkin,430g,N/A,$3.00,$0.70 per 100g,https://foodlandbalaklava.com.au//lines/sagfc-soup-crm-pumpkin-430gm
Foodland Balaklava,2025-05-04 23:56:18,Sakata BBQ Rice Snacks,65g,was $3.15,$2.50,$3.85 per 100g,https://foodlandbalaklava.com.au//lines/snakata-rice-snk-bbq-65g
Foodland Balaklava,2025-05-04 23:56:18,Salmon Portion,N/A,N/A,$40.00,N/A,https://foodlandbalaklava.com.au//lines/salmon-portion-1
Foodland Balaklava,2025-05-04 23:56:18,Salvital,375g,N/A,$10.50,$2.80 per 100g,https://foodlandbalaklava.com.au//lines/sal-vital-375gm
Foodland Balaklava,2025-05-04 23:56:18,Sam's Fruit Salad,375mL,N/A,$4.70,$1.25 per 100mL,https://foodlandbalaklava.com.au//lines/sam-s-fruit-salad-375ml
Foodland Balaklava,2025-05-04 23:56:18,Sam's Green Lunch,375mL,N/A,$4.70,$1.25 per 100mL,https://foodlandbalaklava.com.au//lines/sam-s-green-lunch-375ml
Foodland Balaklava,2025-05-04 23:56:18,Samba Gas Lighter Basic,N/A,N/A,$4.79,N/A,https://foodlandbalaklava.com.au//lines/samba-gas-lighter
Foodland Balaklava,2025-05-04 23:56:18,San Remo Active Vegeroni Large Spirals,375g,N/A,$2.95,$0.79 per 100g,https://foodlandbalaklava.com.au//lines/s-remo-vegeroni-spiral-lge375g
Foodland Balaklava,2025-05-04 23:56:18,San Remo Active Wholemeal Spaghetti,500g,N/A,$2.95,$0.59 per 100g,https://foodlandbalaklava.com.au//lines/s-remo-spagh-w-meal-no130-500g
Foodland Balaklava,2025-05-04 23:56:18,San Remo Egg Pasta Spaghetti,500g,N/A,$2.95,$0.59 per 100g,https://foodlandbalaklava.com.au//lines/s-remo-spaghetti-egg-500gm
Foodland Balaklava,2025-05-04 23:56:18,San Remo Gluten Free Lasagna Sheets,200g,was $4.75,$4.40,$2.20 per 100g,https://foodlandbalaklava.com.au//lines/s-remo-g-free-lasagna-200gm
Foodland Balaklava,2025-05-04 23:56:18,San Remo Large Instant Curly Lasagna,250g,was $3.15,$2.80,$1.12 per 100g,https://foodlandbalaklava.com.au//lines/s-remo-lasag-inst-lg-crl-250gm
Foodland Balaklava,2025-05-04 23:56:18,San Remo No. 1 Linguine,500g,N/A,$2.95,$0.59 per 100g,https://foodlandbalaklava.com.au//lines/s-remo-linguini-1-500gm
Foodland Balaklava,2025-05-04 23:56:18,San Remo No. 16 Spirals,500g,N/A,$2.95,$0.59 per 100g,https://foodlandbalaklava.com.au//lines/s-remo-spirals-no16-500gm
Foodland Balaklava,2025-05-04 23:56:18,San Remo No. 22 Rigatoni,500g,N/A,$2.95,$0.59 per 100g,https://foodlandbalaklava.com.au//lines/s-remo-rigatoni-no22-500gm
Foodland Balaklava,2025-05-04 23:56:18,San Remo No. 26 Wagon Wheels,500g,N/A,$2.95,$0.59 per 100g,https://foodlandbalaklava.com.au//lines/s-remo-wagon-whls-no26-500gm
Foodland Balaklava,2025-05-04 23:56:18,San Remo No. 53 Large Spirals,500g,N/A,$2.95,$0.59 per 100g,https://foodlandbalaklava.com.au//lines/s-remo-spirals-lge-no53-500gm
Foodland Balaklava,2025-05-04 23:56:18,San Remo No. 8 Thick Spaghetti,500g,N/A,$2.95,$0.59 per 100g,https://foodlandbalaklava.com.au//lines/s-remo-spaghetti-thick-500gm
Foodland Balaklava,2025-05-04 23:56:18,San Remo No. 80 Curly Fettuccine,500g,N/A,$2.95,$0.59 per 100g,https://foodlandbalaklava.com.au//lines/s-remo-fettuccine-crl-80-500gm
Foodland Balaklava,2025-05-04 23:56:18,San Remo No.​47 Risoni,500g,N/A,$2.95,$0.59 per 100g,https://foodlandbalaklava.com.au//lines/s-remo-risoni-no47-500gm
Foodland Balaklava,2025-05-04 23:56:18,Sandhurst Sun-Dried Tomatoes Rich & Luscious,270g,N/A,$5.25,$19.44 per kg,https://foodlandbalaklava.com.au//lines/s-hurst-tom-sun-dried-270gm
Foodland Balaklava,2025-05-04 23:56:18,Sanitarium Marmite Yeast Spread,250g,was $5.05,$4.10,$1.64 per 100g,https://foodlandbalaklava.com.au//lines/sanit-marmite-250gm
Foodland Balaklava,2025-05-04 23:56:18,Sanitarium Weet-Bix Bites Honey Crunch Breakfast Cereal,510g,N/A,$6.00,$1.18 per 100g,https://foodlandbalaklava.com.au//lines/sanit-weet-bix-bite-honey510gm
Foodland Balaklava,2025-05-04 23:56:18,Sara Lee Cheesecake French Cream,360g,N/A,$8.95,$2.49 per 100g,https://foodlandbalaklava.com.au//lines/s-lee-ch-cake-french-crm-360gm
Foodland Balaklava,2025-05-04 23:56:18,Sara Lee Pearl Sugar Waffles,N/A,N/A,$7.90,$3.16 per 100g,https://foodlandbalaklava.com.au//lines/s-lee-waffles-pearl-sugar-5pk
Foodland Balaklava,2025-05-04 23:56:18,Sara Lee Salted Caramel Crunchy Cheesecake,425g,was $9.45,$9.35,$2.20 per 100g,https://foodlandbalaklava.com.au//lines/s-lee-ch-cake-s-car-crnch425gm
Foodland Balaklava,2025-05-04 23:56:18,Sara Lee Sticky Date Puddings 2pk,180g,N/A,$7.35,$4.08 per 100g,https://foodlandbalaklava.com.au//lines/s-lee-pudd-sticky-dte-ind180gm
Foodland Balaklava,2025-05-04 23:56:18,"Sard Oils & Grime, Stain Remover Soaker Powder,",1kg,was $11.55,$8.15,$8.15 per kg,https://foodlandbalaklava.com.au//lines/sard-oxy-plus-lemon-1kg
Foodland Balaklava,2025-05-04 23:56:18,"Sard Oils & Grime, Stain Remover Spray, Expert Action,",420mL,was $8.40,$7.00,$16.67 per L,https://foodlandbalaklava.com.au//lines/sard-oil-grime-trig-spry-420ml
Foodland Balaklava,2025-05-04 23:56:18,"Sard Whiter & Brighter, Stain Remover Soaker Powder,",1kg,was $11.55,$8.15,$8.15 per kg,https://foodlandbalaklava.com.au//lines/sard-wonder-soakr-whitening1kg
Foodland Balaklava,2025-05-04 23:56:18,Saxa® All Natural Rock Salt,1kg,N/A,$4.95,$0.50 per 100g,https://foodlandbalaklava.com.au//lines/saxa-salt-rock-1kg
Foodland Balaklava,2025-05-04 23:56:18,Saxa® Natural Sea Salt Flakes,200g,was $10.00,$7.20,$3.60 per 100g,https://foodlandbalaklava.com.au//lines/saxa-salt-sea-flakes-200gm
Foodland Balaklava,2025-05-04 23:56:18,Saxa® Pepper White Picnic/​Pk,50g,N/A,$4.75,$0.95 per 10g,https://foodlandbalaklava.com.au//lines/saxa-pepper-white-fine-50gm
Foodland Balaklava,2025-05-04 23:56:18,Schick Silk 2 Sensitive Disposable Razors 5pk 5pk,N/A,N/A,$4.75,$0.95 Each,https://foodlandbalaklava.com.au//lines/schick-ext2-sen-enh-women-5s
Foodland Balaklava,2025-05-04 23:56:18,Schick Xtreme 3 Sensitive Disposable Razor 4 Pack,N/A,was $6.30,$6.00,$1.50 Each,https://foodlandbalaklava.com.au//lines/schick-ext3-disp-sensitive-4pk
Foodland Balaklava,2025-05-04 23:56:18,Schmackos Adult Dog Treats Chewy Cubes Training Bites With Beef,130g,was $5.25,$4.90,$3.77 per 100g,https://foodlandbalaklava.com.au//lines/schmackos-t-b-cube-beef-130gm
Foodland Balaklava,2025-05-04 23:56:19,Schmackos Adult Dog Treats Training Bites Cheesy Nibbles Cheese And Beef,140g,was $5.25,$4.95,$3.54 per 100g,https://foodlandbalaklava.com.au//lines/schmackos-tb-nib-ch-bf-140gm
Foodland Balaklava,2025-05-04 23:56:19,Schmackos Craving Chicken Air-Dried Strapz Dog Treats With Chicken Bag,500g,was $17.00,$8.50,$1.70 per 100g,https://foodlandbalaklava.com.au//lines/schmackos-strp-chicken-500gm
Foodland Balaklava,2025-05-04 23:56:19,Schmackos Liver Lover Air-Dried Strapz Dog Treats With Liver Bag,500g,was $17.00,$8.50,$1.70 per 100g,https://foodlandbalaklava.com.au//lines/schmackos-strp-liver-500gm
Foodland Balaklava,2025-05-04 23:56:19,Schmackos Training Bites Dog Treats Chewy Cubes With Chicken Bag,130g,was $5.25,$4.90,$3.77 per 100g,https://foodlandbalaklava.com.au//lines/schmackos-t-b-cube-chkn-130gm
Foodland Balaklava,2025-05-04 23:56:19,Schulz Butchers Bacon,200g,N/A,$6.99,N/A,https://foodlandbalaklava.com.au//lines/schulz-butchers-bacon-200g
Foodland Balaklava,2025-05-04 23:56:19,Schwarzkopf Extra Care Colour Perfector Protecting Shampoo,400mL,was $9.45,$4.50,$1.12 per 100mL,https://foodlandbalaklava.com.au//lines/extra-care-s-poo-col-perf400ml
Foodland Balaklava,2025-05-04 23:56:19,Schwarzkopf Extra Care Keratin Strength Hairspray,250g,N/A,$10.50,$4.20 per 100g,https://foodlandbalaklava.com.au//lines/extra-care-ult-sty-lacq-250gm
Foodland Balaklava,2025-05-04 23:56:19,Schwarzkopf Extra Care Liquid Silk Smoothing Conditioner,400mL,was $9.45,$4.50,$1.12 per 100mL,https://foodlandbalaklava.com.au//lines/extra-care-cond-liq-silk-400ml
Foodland Balaklava,2025-05-04 23:56:19,Schwarzkopf Extra Care Liquid Silk Smoothing Shampoo,400mL,was $9.45,$4.50,$1.12 per 100mL,https://foodlandbalaklava.com.au//lines/extra-care-s-poo-liq-silk400ml
Foodland Balaklava,2025-05-04 23:56:19,Schwarzkopf Extra Care Marrakesh Oil & Coconut Replenishing Shampoo,950mL,was $19.00,$9.50,$1.00 per 100mL,https://foodlandbalaklava.com.au//lines/extra-care-s-poo-mrk-oil-950ml
Foodland Balaklava,2025-05-04 23:56:19,Schwarzkopf Extra Care Strong Styling Mousse,150g,N/A,$9.45,$6.30 per 100g,https://foodlandbalaklava.com.au//lines/extra-care-mousse-st-hld-150gm
Foodland Balaklava,2025-05-04 23:56:19,Schwarzkopf Extra Care Ultimate Repair Strengthening Conditioner,400mL,was $9.45,$4.50,$1.12 per 100mL,https://foodlandbalaklava.com.au//lines/extra-care-cond-ult-rpr-400ml
Foodland Balaklava,2025-05-04 23:56:19,Schwarzkopf Extra Care Ultimate Repair Strengthening Shampoo,400mL,was $9.45,$4.50,$1.12 per 100mL,https://foodlandbalaklava.com.au//lines/extra-care-s-poo-ult-rpr-400ml
Foodland Balaklava,2025-05-04 23:56:19,Schweppes Indian Tonic Water Classic Mixers Glass Bottle Multipack,4 x 300mL,was $7.90,$5.95,$4.96 per L,https://foodlandbalaklava.com.au//lines/schw-tonic-water-4x300ml
Foodland Balaklava,2025-05-04 23:56:19,Schweppes Lemonade Soft Drink Cans Multipack,10 x 375mL,N/A,$19.00,$5.07 per L,https://foodlandbalaklava.com.au//lines/schw-lemonade-10x375ml
Foodland Balaklava,2025-05-04 23:56:19,Schweppes Lemonade Soft Drink Cans Multipack,375mL,was $39.40,$22.50,$2.50 per L,https://foodlandbalaklava.com.au//lines/schw-lemonade-cube-24x375ml
Foodland Balaklava,2025-05-04 23:56:19,Schweppes Lemonade Soft Drink Mini Cans Multipack,6 x 275mL,was $9.55,$8.20,$4.97 per L,https://foodlandbalaklava.com.au//lines/schw-lemonade-6x275ml
Foodland Balaklava,2025-05-04 23:56:19,Schweppes Lemonade Soft Drink Single Bottle,2L,N/A,$3.80,$1.90 per L,https://foodlandbalaklava.com.au//lines/schw-lemonade-2l
Foodland Balaklava,2025-05-04 23:56:19,Schweppes Lime Soda Water With Lime Juice Bottle,1.1L,was $3.00,$1.80,$1.64 per L,https://foodlandbalaklava.com.au//lines/schw-soda-wtr-lime-1-1l
Foodland Balaklava,2025-05-04 23:56:19,Schweppes Natural Mineral Water Bottle,1.1L,was $3.00,$1.80,$1.64 per L,https://foodlandbalaklava.com.au//lines/schw-m-wtr-natural-1-1l
Foodland Balaklava,2025-05-04 23:56:19,Schweppes Orange & Mango With Natural Mineral Water,4 x 300mL,was $7.90,$5.95,$4.96 per L,https://foodlandbalaklava.com.au//lines/schw-m-wtr-org-mango-4x300ml-1
Foodland Balaklava,2025-05-04 23:56:19,Schweppes Orange Mango Natural Mineral Water Bottle,1.1L,was $3.00,$1.80,$1.64 per L,https://foodlandbalaklava.com.au//lines/schw-m-wtr-org-mango-1-1l
Foodland Balaklava,2025-05-04 23:56:19,Schweppes Zero Sugar Dry Ginger Ale Classic Mixers Soft Drink Bottle,1.1L,was $3.00,$1.80,$1.64 per L,https://foodlandbalaklava.com.au//lines/schw-diet-d-gngr-ale-1-1l
Foodland Balaklava,2025-05-04 23:56:19,Scotchbrite Thick Handy Sponge 3 Pack,N/A,N/A,$5.80,$1.93 Each,https://foodlandbalaklava.com.au//lines/scotchbrite-spng-thck-hndy-3pk-1
Foodland Balaklava,2025-05-04 23:56:19,Scour Daddy 600 Steel 2pk,N/A,N/A,$6.95,$3.48 Each,https://foodlandbalaklava.com.au//lines/scour-daddy-600-steel-2pk
Foodland Balaklava,2025-05-04 23:56:19,Scrub Daddy 902 Sponge Caddy,N/A,N/A,$6.95,N/A,https://foodlandbalaklava.com.au//lines/scrub-daddy-902-sponge-caddy
Foodland Balaklava,2025-05-04 23:56:19,Sellotape 48mm X Packaging Tape,20m,N/A,$3.26,N/A,https://foodlandbalaklava.com.au//lines/sellotape-pack-tape-48mmx20m-1
Foodland Balaklava,2025-05-04 23:56:19,Sellotape Pack Tape Clr,48 x 50m,N/A,$3.95,N/A,https://foodlandbalaklava.com.au//lines/sellotape-pack-tape-clr-48x50m
Foodland Balaklava,2025-05-04 23:56:19,Sellotape Pvc Duct Tape,N/A,N/A,$7.25,N/A,https://foodlandbalaklava.com.au//lines/sellotape-duct-tape-48mmx25m
Foodland Balaklava,2025-05-04 23:56:19,Sensodyne Daily Care + Whitening Toothpaste,100g,N/A,$10.20,$10.20 per 100g,https://foodlandbalaklava.com.au//lines/s-sodyne-t-pst-d-care-wht100gm
Foodland Balaklava,2025-05-04 23:56:19,Sensodyne Deep Clean Daily Care Toothpaste,100g,N/A,$10.20,$10.20 per 100g,https://foodlandbalaklava.com.au//lines/s-sodyne-t-pst-deep-cln-100gm
Foodland Balaklava,2025-05-04 23:56:19,Sensodyne Repair & Protect Toothbrush 1 Pack 1pk,N/A,was $5.50,$4.85,N/A,https://foodlandbalaklava.com.au//lines/s-sodyne-t-brsh-rep-prt-sft1pk
Foodland Balaklava,2025-05-04 23:56:19,Sensodyne Repair & Protect Toothpaste,100g,N/A,$12.90,$12.90 per 100g,https://foodlandbalaklava.com.au//lines/s-sodyne-t-pst-repr-prot-100gm
Foodland Balaklava,2025-05-04 23:56:19,Sharpie Fine Point Permanent Markers Black - Pack Of 8,N/A,N/A,$15.00,N/A,https://foodlandbalaklava.com.au//lines/sharpie-marker-fne-tip-blk-8pk-1
Foodland Balaklava,2025-05-04 23:56:19,Sharpie Twin Tip Permanent Marker Black - Pack Of 1,N/A,N/A,$6.30,N/A,https://foodlandbalaklava.com.au//lines/sharpie-twin-tip-marker-black-2
Foodland Balaklava,2025-05-04 23:56:19,Shave Moisturising Lather Shaving Cream,75g,N/A,$3.15,$4.20 per 100g,https://foodlandbalaklava.com.au//lines/sanofi-shave-cream-75gm
Foodland Balaklava,2025-05-04 23:56:19,Siena Lentils,N/A,N/A,$1.50,$0.38 per 100g,https://foodlandbalaklava.com.au//lines/siena-lentils-400g
Foodland Balaklava,2025-05-04 23:56:19,Simply Tasty Pasta Salad,300g,N/A,$4.80,$16.00 per kg,https://foodlandbalaklava.com.au//lines/s-tasty-sld-psta-classic-300g
Foodland Balaklava,2025-05-04 23:56:19,Sirena Italian Style Salad With Tuna,170g,N/A,$4.50,$26.47 per kg,https://foodlandbalaklava.com.au//lines/sirena-tuna-italian-salad-170g
Foodland Balaklava,2025-05-04 23:56:19,Sirena Tuna Puttanesca,95g,was $3.10,$2.05,$21.58 per kg,https://foodlandbalaklava.com.au//lines/sirena-tuna-puttanesca-95gm
Foodland Balaklava,2025-05-04 23:56:19,Sirens Fried Rice With Chicken,190g,N/A,$4.50,$2.37 per 100g,https://foodlandbalaklava.com.au//lines/sirena-fried-rice-chkn-190gm
Foodland Balaklava,2025-05-04 23:56:19,Skittles Cloudz Fruits Chewy Lollies Snack & Share Bag,120g,was $6.30,$5.40,$4.50 per 100g,https://foodlandbalaklava.com.au//lines/skittles-fruit-cloudz-120g
Foodland Balaklava,2025-05-04 23:56:19,Skittles Crazy Sours Chewy Lollies Snack & Share Bag,190g,was $6.30,$5.40,$2.84 per 100g,https://foodlandbalaklava.com.au//lines/skittles-sours-190gm
Foodland Balaklava,2025-05-04 23:56:19,Skittles Fruits Chewy Lollies Fun Size Snack Bag 12 Pieces,180g,was $6.00,$5.40,$3.00 per 100g,https://foodlandbalaklava.com.au//lines/skittles-fruit-orig-sh-pk180gm
Foodland Balaklava,2025-05-04 23:56:19,Skittles Fruits Chewy Lollies Snack & Share Bag,200g,was $6.30,$5.40,$2.70 per 100g,https://foodlandbalaklava.com.au//lines/skittles-fruit-200gm
Foodland Balaklava,2025-05-04 23:56:19,Slape & Sons Beef Brisket Meatballs,480g,N/A,$9.50,$2.11 per 100g,https://foodlandbalaklava.com.au//lines/meatball-beef-brisket-450gm
Foodland Balaklava,2025-05-04 23:56:19,Slapes Bolg Meatballs,480g,N/A,$7.00,$1.56 per 100g,https://foodlandbalaklava.com.au//lines/slapes-bolg-meatballs-480g
Foodland Balaklava,2025-05-04 23:56:19,Slapes S/​Roll Mince R/​Roll,900g,N/A,$8.50,$0.94 per 100g,https://foodlandbalaklava.com.au//lines/slapes-s-roll-mince-r-roll-900g-1
Foodland Balaklava,2025-05-04 23:56:20,Smith's Baked Potato Chips Salty,130g,was $4.20,$3.00,$2.31 per 100g,https://foodlandbalaklava.com.au//lines/smiths-baked-salt-130gm
Foodland Balaklava,2025-05-04 23:56:20,Smith's Crinkle Cut Potato Chips Party Bag Original,380g,was $9.45,$4.45,$1.17 per 100g,https://foodlandbalaklava.com.au//lines/smiths-crinkl-original-380gm
Foodland Balaklava,2025-05-04 23:56:20,Smith's Thinly Cut Potato Chips Original,70g,was $2.85,$1.50,$2.14 per 100g,https://foodlandbalaklava.com.au//lines/smiths-thinly-original-70g
Foodland Balaklava,2025-05-04 23:56:20,Smith's Thinly Cut Potato Chips Salt And Vinegar,175g,was $5.25,$4.45,$2.54 per 100g,https://foodlandbalaklava.com.au//lines/smiths-thinly-slt-ving-175gm
Foodland Balaklava,2025-05-04 23:56:20,Smith's Thinly Cut Potato Chips Sour Cream & Onion,175g,was $5.25,$4.45,$2.54 per 100g,https://foodlandbalaklava.com.au//lines/smiths-thinly-scrm-onion-175gm
Foodland Balaklava,2025-05-04 23:56:20,Smiths Salt And Vinegar Chips,8 x 19g,was $6.30,$3.00,$1.97 per 100g,https://foodlandbalaklava.com.au//lines/smiths-crinkl-slt-vin-8p-152g
Foodland Balaklava,2025-05-04 23:56:20,Snickers Milk Chocolate Snack & Share Bag 12 Pieces,180g,was $6.00,$5.40,$3.00 per 100g,https://foodlandbalaklava.com.au//lines/snickers-fun-size-180gm
Foodland Balaklava,2025-05-04 23:56:20,Snickers Milk Chocolate Snack & Share Bag 20 Pieces,300g,N/A,$6.50,$2.17 per 100g,https://foodlandbalaklava.com.au//lines/snickers-funsize-300gm
Foodland Balaklava,2025-05-04 23:56:20,So Good Barista Oat Milk,1L,N/A,$4.20,$4.20 per L,https://foodlandbalaklava.com.au//lines/sanit-so-good-br-oat-mlk-1l
Foodland Balaklava,2025-05-04 23:56:20,So Good Barista Soy Milk,1L,N/A,$3.15,$3.15 per L,https://foodlandbalaklava.com.au//lines/sanit-so-good-br-soy-mlk-1l
Foodland Balaklava,2025-05-04 23:56:20,Solo Thirst Crusher Original Lemon Soft Drink Cans Multipack,10 x 375mL,N/A,$19.00,$5.07 per L,https://foodlandbalaklava.com.au//lines/solo-10x375ml
Foodland Balaklava,2025-05-04 23:56:20,Soothers Blackcurrant Sore Throat Lozenges + Vitamin C 10 Pack 10pk,N/A,was $2.90,$2.60,$0.26 Each,https://foodlandbalaklava.com.au//lines/soothers-blackcurrant-stk10loz
Foodland Balaklava,2025-05-04 23:56:20,Soothers Blackcurrant Sore Throat Lozenges + Vitamin C 3x10 Pack,120g,was $6.85,$6.20,$4.81 per 100g,https://foodlandbalaklava.com.au//lines/soothers-blackcurrant-3x43gm
Foodland Balaklava,2025-05-04 23:56:20,Sorbent 3 Ply Silky White Toilet Paper - 32 Pack,N/A,was $21.00,$18.00,$0.31 per 100 Sheets,https://foodlandbalaklava.com.au//lines/sorbent-t-roll-white-3p-32pk
Foodland Balaklava,2025-05-04 23:56:20,Sorbent Silky White Flushable Wipes 40 Pack,N/A,was $4.00,$3.80,$9.50 Units100,https://foodlandbalaklava.com.au//lines/sorbent-cln-frsh-40s
Foodland Balaklava,2025-05-04 23:56:20,Sorbent Soft White Facial Tissues 90s,N/A,was $2.10,$1.90,$2.11 Units100,https://foodlandbalaklava.com.au//lines/sorbent-tissue-white-90s-1
Foodland Balaklava,2025-05-04 23:56:20,Sorbent Toilet Roll 3 Ply,N/A,was $18.90,$12.50,$0.29 per 100 Sheets,https://foodlandbalaklava.com.au//lines/sorbent-t-roll-white-3p-24pk
Foodland Balaklava,2025-05-04 23:56:20,Sour Patch Kids Layers Lollies,190g,was $5.25,$4.65,$2.45 per 100g,https://foodlandbalaklava.com.au//lines/sour-patch-kids-layers-190g
Foodland Balaklava,2025-05-04 23:56:20,South Cape Crumbled Fetta Classic,200g,N/A,$7.38,$36.90 per kg,https://foodlandbalaklava.com.au//lines/s-cape-chse-fet-crmbl-200gm
Foodland Balaklava,2025-05-04 23:56:20,Spam Tinned Meat Regular,340g,was $7.15,$5.95,$17.50 per kg,https://foodlandbalaklava.com.au//lines/spam-ham-spiced-340gm-1
Foodland Balaklava,2025-05-04 23:56:20,Spc Apple & Pear Puree Cups,4 x 120g,N/A,$4.95,$10.31 per kg,https://foodlandbalaklava.com.au//lines/spc-apple-pear-puree-4x120gm
Foodland Balaklava,2025-05-04 23:56:20,Spc Apple & Strawberry Puree Cups,4 x 120g,N/A,$4.95,$10.31 per kg,https://foodlandbalaklava.com.au//lines/spc-apple-sbry-puree-4x120gm
Foodland Balaklava,2025-05-04 23:56:20,Spc Apple Sauce Smooth,375mL,N/A,$3.70,$0.99 per 100mL,https://foodlandbalaklava.com.au//lines/spc-sce-apple-traditional375ml
Foodland Balaklava,2025-05-04 23:56:20,Spc Apricots Halved In Juice,410g,N/A,$3.35,$8.17 per kg,https://foodlandbalaklava.com.au//lines/spc-apricot-halves-juice-410gm
Foodland Balaklava,2025-05-04 23:56:20,Spc Apricots Halved In Juice Canned Fruit,825g,N/A,$5.30,$6.42 per kg,https://foodlandbalaklava.com.au//lines/spc-apricot-halves-juice-825gm
Foodland Balaklava,2025-05-04 23:56:20,Spc Crushed Tomatoes With Basil & Oregano,410g,N/A,$1.80,$4.39 per kg,https://foodlandbalaklava.com.au//lines/spc-tomato-crsh-bas-oregan410g
Foodland Balaklava,2025-05-04 23:56:20,Spc Fruit Salad In Juice,825g,N/A,$5.30,$6.42 per kg,https://foodlandbalaklava.com.au//lines/spc-fruit-salad-in-juice-825gm
Foodland Balaklava,2025-05-04 23:56:20,Spc Minecraft Apple Puree Cups,4 x 120g,N/A,$4.95,$10.31 per kg,https://foodlandbalaklava.com.au//lines/spc-apple-puree-4x120gm
Foodland Balaklava,2025-05-04 23:56:20,Spc Minecraft Spaghetti Rich Tomato Multipack,4 x 220g,N/A,$6.50,$0.74 per 100g,https://foodlandbalaklava.com.au//lines/spc-spaghetti-rich-tom-4x220gm
Foodland Balaklava,2025-05-04 23:56:20,Spc Pears Sliced In Juice Canned Fruit,825g,N/A,$5.30,$6.42 per kg,https://foodlandbalaklava.com.au//lines/spc-pear-sliced-in-juice-825gm
Foodland Balaklava,2025-05-04 23:56:20,Spc Spag-A-Saurus Tomato & Cheese,4 x 220g,N/A,$6.50,$0.74 per 100g,https://foodlandbalaklava.com.au//lines/spc-spagasaurus-4x220gm-1
Foodland Balaklava,2025-05-04 23:56:20,Spc Spaghetti Rich Tomato,420g,N/A,$2.65,$0.63 per 100g,https://foodlandbalaklava.com.au//lines/spc-spaghetti-tom-sce-420gm
Foodland Balaklava,2025-05-04 23:56:20,Spc Spaghetti Tomato & Cheese,220g,N/A,$1.70,$0.77 per 100g,https://foodlandbalaklava.com.au//lines/spc-spaghetti-220gm
Foodland Balaklava,2025-05-04 23:56:20,Spc Spaghetti Tomato & Cheese,420g,N/A,$2.65,$0.63 per 100g,https://foodlandbalaklava.com.au//lines/spc-spaghetti-cheese-420gm
Foodland Balaklava,2025-05-04 23:56:20,Spencers Pappadams Cumin,113g,N/A,$2.29,$2.03 per 100g,https://foodlandbalaklava.com.au//lines/spencers-pappadums-cummin-113g
Foodland Balaklava,2025-05-04 23:56:20,Springroll Wrap,275g,N/A,$4.50,$16.36 per 100g,https://foodlandbalaklava.com.au//lines/springroll-wrap-275g
Foodland Balaklava,2025-05-04 23:56:20,Sprite Lemonade Soft Drink,1.25L,was $4.00,$2.40,$1.92 per L,https://foodlandbalaklava.com.au//lines/sprite-1-25l
Foodland Balaklava,2025-05-04 23:56:20,Sprite Lemonade Soft Drink Multipack Cans,24 x 375mL,was $43.30,$22.50,$2.50 per L,https://foodlandbalaklava.com.au//lines/sprite-24x375ml
Foodland Balaklava,2025-05-04 23:56:20,Sprite Zero/​Diet/​Light Sprite Zero Sugar Lemonade Bottle,12 x 300mL,was $21.00,$17.90,$4.97 per L,https://foodlandbalaklava.com.au//lines/sprite-n-sug-12x300ml
Foodland Balaklava,2025-05-04 23:56:20,Stagg Chili Dynamite Hot With Beans,425g,was $5.25,$4.50,$1.06 per 100g,https://foodlandbalaklava.com.au//lines/stagg-chili-dynamite-hot-with-beans-425g
Foodland Balaklava,2025-05-04 23:56:20,Staminade Powder Lem/​Lime585gm,N/A,N/A,$11.35,$1.94 per 100g,https://foodlandbalaklava.com.au//lines/staminade-powder-lem-lime585gm
Foodland Balaklava,2025-05-04 23:56:20,Statique Anti Stat Spry#,150mL,N/A,$7.90,$5.27 per 100mL,https://foodlandbalaklava.com.au//lines/statique-anti-stat-spry-150ml
Foodland Balaklava,2025-05-04 23:56:20,Stayfree Ultra Thin All Nights Pads With Wings 10 Pack,N/A,N/A,$6.00,$0.60 Each,https://foodlandbalaklava.com.au//lines/stayfree-u-thin-night-wing-10s
Foodland Balaklava,2025-05-04 23:56:20,Stayfree Ultra Thin Regular Pads With Wings 14 Pack,N/A,N/A,$6.00,$0.43 Each,https://foodlandbalaklava.com.au//lines/stayfree-u-thin-wings-12-2s
Foodland Balaklava,2025-05-04 23:56:20,Steggles Chicken Breast Nuggets Crumbed,400g,N/A,$5.80,$14.50 per kg,https://foodlandbalaklava.com.au//lines/steg-chic-nuggets-400gm
Foodland Balaklava,2025-05-04 23:56:20,Steggles Chicken Breast Tenders Southern Style,400g,was $11.05,$6.50,$16.25 per kg,https://foodlandbalaklava.com.au//lines/steg-tenders-sthn-style-400gm
Foodland Balaklava,2025-05-04 23:56:20,Steggles Chicken Nuggets Tempura,1kg,was $14.20,$11.50,$11.50 per kg,https://foodlandbalaklava.com.au//lines/steg-chic-nuggets-tempura-1kg
Foodland Balaklava,2025-05-04 23:56:20,Steggles Turkey Breast Roast Herb,2kg,N/A,$37.80,$18.90 per kg,https://foodlandbalaklava.com.au//lines/steg-turk-brst-roast-2kg
Foodland Balaklava,2025-05-04 23:56:21,Strassburg Rw,N/A,N/A,$17.99,N/A,https://foodlandbalaklava.com.au//lines/strassburg-rw
Foodland Balaklava,2025-05-04 23:56:21,Strawberry Snaps Value Pack m,18 x 252g,N/A,$5.50,$0.31 Each,https://foodlandbalaklava.com.au//lines/strawberry-snaps-18pk
Foodland Balaklava,2025-05-04 23:56:21,Strepsils Sore Throat Relief Honey & Lemon 16 Pack,N/A,was $7.35,$5.95,$0.37 Each,https://foodlandbalaklava.com.au//lines/strepsils-honey-lemon-16s
Foodland Balaklava,2025-05-04 23:56:21,Stubb's Original BBQ Sce,510g,N/A,$8.15,$1.60 per 100g,https://foodlandbalaklava.com.au//lines/stubb-s-original-bbq-sce-510gm
Foodland Balaklava,2025-05-04 23:56:21,Sudocrem,30g,N/A,$9.10,$30.33 per 100g,https://foodlandbalaklava.com.au//lines/sudocrem-tube-30gm
Foodland Balaklava,2025-05-04 23:56:21,Suimin Rice Crackers Seaweed,100g,was $2.35,$2.00,$2.00 per 100g,https://foodlandbalaklava.com.au//lines/suimin-rice-crk-s-weed-100gm
Foodland Balaklava,2025-05-04 23:56:21,Sukin B/​Wsh Van & Alm,500mL,N/A,$12.60,$2.52 per 100mL,https://foodlandbalaklava.com.au//lines/sukin-b-wsh-van-alm-500ml
Foodland Balaklava,2025-05-04 23:56:21,Sukin Botanical Body Wash Coconut Bliss,1L,N/A,$18.90,$1.89 per 100mL,https://foodlandbalaklava.com.au//lines/sukin-b-wsh-botanic-coco-1l
Foodland Balaklava,2025-05-04 23:56:21,Sukin Haircare Hydrating Conditioner,500mL,N/A,$20.00,$4.00 per 100mL,https://foodlandbalaklava.com.au//lines/sukin-cond-hydrating-500ml
Foodland Balaklava,2025-05-04 23:56:21,Sukin Haircare Hydrating Shampoo,500mL,N/A,$20.00,$4.00 per 100mL,https://foodlandbalaklava.com.au//lines/sukin-s-poo-hydrating-500ml
Foodland Balaklava,2025-05-04 23:56:21,Sunbeam Cashews,150g,N/A,$6.85,$45.67 per kg,https://foodlandbalaklava.com.au//lines/s-beam-cashews-raw-150gm-1
Foodland Balaklava,2025-05-04 23:56:21,Sunbeam Glace Cherries Multi Vp,200g,N/A,$5.25,$26.25 per kg,https://foodlandbalaklava.com.au//lines/s-beam-glace-cherr-multi-200gm
Foodland Balaklava,2025-05-04 23:56:21,Sunbeam Jumbo Sultanas,300g,N/A,$4.50,$15.00 per kg,https://foodlandbalaklava.com.au//lines/s-beam-sultanas-jumbo-300gm
Foodland Balaklava,2025-05-04 23:56:21,Sunbeam Pine Nuts,70g,N/A,$7.12,$101.71 per kg,https://foodlandbalaklava.com.au//lines/s-beam-pine-nuts-70gm-1
Foodland Balaklava,2025-05-04 23:56:21,Sunbeam Strawberry Yogurt Coated Sultanas,180g,N/A,$5.25,$29.17 per kg,https://foodlandbalaklava.com.au//lines/s-beam-sult-ygt-sbry-6pk-180gm
Foodland Balaklava,2025-05-04 23:56:21,Sunbeam Sultanas,375g,N/A,$4.75,$12.67 per kg,https://foodlandbalaklava.com.au//lines/s-beam-sultanas-boxed-375gm
Foodland Balaklava,2025-05-04 23:56:21,Sunbeam Sultanas 6 Pack,240g,N/A,$3.70,$15.42 per kg,https://foodlandbalaklava.com.au//lines/s-beam-snk-pk-sultanas-6x40gm
Foodland Balaklava,2025-05-04 23:56:21,Sunbeam Sultanas With Apple,6 x 25g,N/A,$4.20,$28.00 per kg,https://foodlandbalaklava.com.au//lines/s-beam-snk-pk-app-sult-6x25gm
Foodland Balaklava,2025-05-04 23:56:21,Sunbeam Yoghurt coated Sultanas,N/A,N/A,$5.25,$29.17 per kg,https://foodlandbalaklava.com.au//lines/s-beam-snk-pk-sult-ygt-6x30gm
Foodland Balaklava,2025-05-04 23:56:21,Sunbite P/​Corn Sea Slt 8p,80g,was $6.30,$3.00,$3.75 per 100g,https://foodlandbalaklava.com.au//lines/sunbite-p-corn-sea-slt-8p-80g
Foodland Balaklava,2025-05-04 23:56:21,Sunkist Orange Soft Drink Bottle,1.25L,was $3.70,$3.20,$2.56 per L,https://foodlandbalaklava.com.au//lines/sunkist-orange-1-25l
Foodland Balaklava,2025-05-04 23:56:21,Sunrice Australian Medium Grain Brown Rice,1kg,was $4.75,$2.25,$0.22 per 100g,https://foodlandbalaklava.com.au//lines/sunrice-brown-med-grain-1kg
Foodland Balaklava,2025-05-04 23:56:21,Sunrice Basmati Rice Cups,2 x 120g,N/A,$3.70,$1.54 per 100g,https://foodlandbalaklava.com.au//lines/sunrice-basmati-rice-cup-240gm
Foodland Balaklava,2025-05-04 23:56:21,Sunrice Long Grain White Rice,2kg,was $5.30,$4.00,$0.20 per 100g,https://foodlandbalaklava.com.au//lines/sunrice-prem-white-l-grain-2kg
Foodland Balaklava,2025-05-04 23:56:21,Sunrice Microwave Brown Rice Pouch,250g,N/A,$3.70,$1.48 per 100g,https://foodlandbalaklava.com.au//lines/sunrice-90sec-brown-med-250gm
Foodland Balaklava,2025-05-04 23:56:21,Sunrice Mini Bites Mixin' Cheese Multipack Kids Lunchbox Snacks 6 Pack,6 x 20g,was $5.25,$4.50,$3.75 per 100g,https://foodlandbalaklava.com.au//lines/sunrice-mini-bites-chse-6x20gm
Foodland Balaklava,2025-05-04 23:56:21,Sunrice Mini Bites Rockin’ Chicken Multipack Kids Lunchbox Snacks 6 Pack,N/A,was $5.25,$4.50,$3.75 per 100g,https://foodlandbalaklava.com.au//lines/sunrice-mini-bites-chic-6x20gm
Foodland Balaklava,2025-05-04 23:56:21,Sunrice Thick Rice Cakes Original,150g,N/A,$2.30,$1.53 per 100g,https://foodlandbalaklava.com.au//lines/sunrice-rce-cke-orig-thck150gm
Foodland Balaklava,2025-05-04 23:56:21,Sunrice Thin Rice Cakes Original,150g,N/A,$2.30,$1.53 per 100g,https://foodlandbalaklava.com.au//lines/sunrice-rcake-thn-orig-150gm
Foodland Balaklava,2025-05-04 23:56:21,Sunrice Thin Sundried Tomato & Basil Flavoured Rice Cakes,160g,was $2.65,$2.25,$1.41 per 100g,https://foodlandbalaklava.com.au//lines/sunrice-rcake-thn-tom-bsl160gm
Foodland Balaklava,2025-05-04 23:56:21,Sunrise Eggs X-Large Eggs,700g,N/A,$9.90,N/A,https://foodlandbalaklava.com.au//lines/sunrise-extra-large-eggs-700g
Foodland Balaklava,2025-05-04 23:56:21,Sunsilk Conditioner Longer & Stronger*,350mL,was $6.85,$3.25,$0.93 per 100mL,https://foodlandbalaklava.com.au//lines/s-silk-cond-lnr-strgr-350ml
Foodland Balaklava,2025-05-04 23:56:21,Sunsilk Conditioner Longer & Stronger*,700mL,was $12.60,$9.00,$1.29 per 100mL,https://foodlandbalaklava.com.au//lines/s-silk-cond-lngr-strngr-700ml
Foodland Balaklava,2025-05-04 23:56:21,Sunsilk Shampoo For Long And Healthy-Looking Hair Longer & Stronger With Biotin And Sunflower Seed Oil,700mL,was $12.60,$9.00,$1.29 per 100mL,https://foodlandbalaklava.com.au//lines/s-silk-s-poo-lngr-strngr-700ml
Foodland Balaklava,2025-05-04 23:56:21,Sunsilk Shampoo Longer & Stronger*,350mL,was $6.85,$3.25,$0.93 per 100mL,https://foodlandbalaklava.com.au//lines/s-silk-s-poo-long-strong-350ml
Foodland Balaklava,2025-05-04 23:56:21,Super Nature Wellness Bowl Super Wholegrain Butter Chicken,350g,was $7.90,$6.10,$1.74 per 100g,https://foodlandbalaklava.com.au//lines/s-nat-well-bowl-btr-chck-350gm
Foodland Balaklava,2025-05-04 23:56:21,Supercoat® Smartblend® Adult Dog Food With Beef,7kg,was $37.80,$33.30,$0.48 per 100g,https://foodlandbalaklava.com.au//lines/supercoat-d-f-adlt-beef-7kg
Foodland Balaklava,2025-05-04 23:56:21,Supercoat® Smartblend® Adult Dog Food With Chicken,7kg,was $37.80,$29.00,$0.41 per 100g,https://foodlandbalaklava.com.au//lines/supercoat-d-f-adlt-chic-7kg
Foodland Balaklava,2025-05-04 23:56:21,Supercoat® Smartblend® Puppy Dog Food With Chicken,6.7kg,was $37.80,$33.30,$0.50 per 100g,https://foodlandbalaklava.com.au//lines/supercoat-d-f-puppy-chic-6-7kg
Foodland Balaklava,2025-05-04 23:56:21,Suprima Brd Vienna Wht,380g,N/A,$3.00,$1.00 per 100g,https://foodlandbalaklava.com.au//lines/suprima-brd-vienna-wht-380g
Foodland Balaklava,2025-05-04 23:56:21,Suprima Cheese & Bacon Rolls,N/A,N/A,$5.25,$2.15 per 100g,https://foodlandbalaklava.com.au//lines/suprima-rolls-chse-bcn-4pk
Foodland Balaklava,2025-05-04 23:56:21,Suprima Cob,380g,N/A,$3.00,$0.39 per 100g,https://foodlandbalaklava.com.au//lines/suprima-cob-380g-1
Foodland Balaklava,2025-05-04 23:56:21,Suprima French Stick,480g,N/A,$3.50,$0.73 per 100g,https://foodlandbalaklava.com.au//lines/suprima-french-stick-480g
Foodland Balaklava,2025-05-04 23:56:21,Suprima Hcb Frtless 6pk,480g,N/A,$5.10,$1.06 per 100g,https://foodlandbalaklava.com.au//lines/suprima-hcb-frtless-6pk-480gm-1
Foodland Balaklava,2025-05-04 23:56:21,Suprima Rolls Vietnamese,120g,N/A,$1.00,$0.83 per 100g,https://foodlandbalaklava.com.au//lines/suprima-rolls-vietnamese-120g
Foodland Balaklava,2025-05-04 23:56:21,Suprima Scroll Rasp Mini,60g,N/A,$2.65,$4.42 per 100g,https://foodlandbalaklava.com.au//lines/suprima-scroll-rasp-mini-60g
Foodland Balaklava,2025-05-04 23:56:21,Surf Laundry Liquid Tropical,1L,was $8.10,$6.00,$6.00 per L,https://foodlandbalaklava.com.au//lines/surf-liq-tropical-1l
Foodland Balaklava,2025-05-04 23:56:21,Surf Washing Liquid Laundry Brilliantly Clean And Fresh For Longer Tropical Lily Burst After Burst Of Intense Fragrance,2L,was $12.70,$10.00,$5.00 per L,https://foodlandbalaklava.com.au//lines/surf-liq-tropical-2l
Foodland Balaklava,2025-05-04 23:56:22,Sweetcorn Per Pack,500g,N/A,$5.70,$11.40 per kg,https://foodlandbalaklava.com.au//lines/sweetcorn-per-pack-500g-1
Foodland Balaklava,2025-05-04 23:56:22,Swiss Natü​ral Gluten Free Hamburger Roll,N/A,N/A,$7.00,$2.33 Each,https://foodlandbalaklava.com.au//lines/swiss-natural-gluten-free-3-pack-60g
Foodland Balaklava,2025-05-04 23:56:22,Swisse Ultiboost Iron 30 Tablets,N/A,was $15.00,$7.50,$25.00 Units100,https://foodlandbalaklava.com.au//lines/swisse-ultibst-iron-30s
Foodland Balaklava,2025-05-04 23:56:22,Swisse Ultiboost Magnesium 60 Tablets,N/A,was $26.25,$12.50,$20.83 Units100,https://foodlandbalaklava.com.au//lines/swisse-ultiboost-magnesium-60s
Foodland Balaklava,2025-05-04 23:56:22,Swisspers Cotton Tips Paper Stems 20 Pack,N/A,N/A,$1.15,$5.75 Units100,https://foodlandbalaklava.com.au//lines/swisspers-ctn-tip-pap-stm-20pk
Foodland Balaklava,2025-05-04 23:56:22,Swisspers Cotton Tips Paper Stems 240pk 240pk,N/A,N/A,$5.05,$2.10 Units100,https://foodlandbalaklava.com.au//lines/swisspers-ctn-tip-pap-st-240pk
Foodland Balaklava,2025-05-04 23:56:22,Tamar Valley Dairy Strawberries & Cream Yoghurt,700g,N/A,$7.35,$1.05 per 100g,https://foodlandbalaklava.com.au//lines/t-valley-ygt-s-bry-crm-700gm
Foodland Balaklava,2025-05-04 23:56:22,Tandaco® Coating Mix For Southern Fried Chicken,75g,was $2.40,$2.05,$2.73 per 100g,https://foodlandbalaklava.com.au//lines/tandaco-coating-mx-frdchic75gm
Foodland Balaklava,2025-05-04 23:56:22,Tasmanian Heritage Edam Cheese,180g,N/A,$6.85,$38.06 per kg,https://foodlandbalaklava.com.au//lines/tas-heritage-chs-edam-aus180gm
Foodland Balaklava,2025-05-04 23:56:22,Tasmanian Heritage Feta Cheese Marinated In Herbs & Oil,350mL,was $12.10,$11.50,$32.86 per kg,https://foodlandbalaklava.com.au//lines/tas-heritage-chs-feta-mar350gm
Foodland Balaklava,2025-05-04 23:56:22,Tasmanian Heritage Smoked Club Cheddar,140g,was $8.55,$6.50,$46.43 per kg,https://foodlandbalaklava.com.au//lines/tas-club-ched-smkd-140gm
Foodland Balaklava,2025-05-04 23:56:22,Tasmanian Heritage Triple Cream Brie,125g,was $7.90,$5.65,$45.20 per kg,https://foodlandbalaklava.com.au//lines/tas-heritage-chs-trp-crm-125gm
Foodland Balaklava,2025-05-04 23:56:22,Tasty Herbal Infusion Peppermint Tea,35g,was $4.50,$4.10,$0.20 Each,https://foodlandbalaklava.com.au//lines/tasty-t-bags-p-mint-20s
Foodland Balaklava,2025-05-04 23:56:22,Tatua Sour Cream,500g,N/A,$6.65,$1.33 per 100g,https://foodlandbalaklava.com.au//lines/tatua-crm-sour-pouch-500gm
Foodland Balaklava,2025-05-04 23:56:22,Taylor Yorkshire Gold Teabags 100,N/A,N/A,$8.40,$3.50 per 100g,https://foodlandbalaklava.com.au//lines/taylors-y-shire-gold-t-bags-100s
Foodland Balaklava,2025-05-04 23:56:22,Tc Garlic Prawn Meat Ckd,500g,was $18.00,$16.40,$32.80 per kg,https://foodlandbalaklava.com.au//lines/tc-garlic-prawn-meat-ckd-500g
Foodland Balaklava,2025-05-04 23:56:22,Tek Toothbrush Hard 1pk,N/A,was $2.30,$1.75,N/A,https://foodlandbalaklava.com.au//lines/tek-t-brush-hard-new-sngl-1
Foodland Balaklava,2025-05-04 23:56:22,Tek Toothbrush Medium 1pk,N/A,was $2.30,$1.75,N/A,https://foodlandbalaklava.com.au//lines/tek-t-brush-medium-new-sngl-1
Foodland Balaklava,2025-05-04 23:56:22,Tek Toothbrush Soft 1pk,N/A,was $2.30,$1.75,N/A,https://foodlandbalaklava.com.au//lines/tek-t-brush-soft-new-sngl-1
Foodland Balaklava,2025-05-04 23:56:22,Temptation Bakeries 30 Petite Quiches Mixed Pack 30pk,500g,N/A,$13.49,$2.70 per 100g,https://foodlandbalaklava.com.au//lines/tempt-bakery-petit-quiche-30pk
Foodland Balaklava,2025-05-04 23:56:22,Temptations Cat Treats Seafood Medley Bag,85g,N/A,$5.80,$6.82 per 100g,https://foodlandbalaklava.com.au//lines/temptations-s-f-mdley-85gm
Foodland Balaklava,2025-05-04 23:56:22,Temptations Cat Treats Tasty Chicken Bag,85g,N/A,$5.80,$6.82 per 100g,https://foodlandbalaklava.com.au//lines/temptations-chicken-85gm
Foodland Balaklava,2025-05-04 23:56:22,Temptations Cat Treats Tempting Tuna Bag,85g,N/A,$5.80,$6.82 per 100g,https://foodlandbalaklava.com.au//lines/temptations-tuna-85gm
Foodland Balaklava,2025-05-04 23:56:22,Tetley Tea Bags Green Tea Natural 50 Each,N/A,was $4.95,$3.90,$6.50 per 100g,https://foodlandbalaklava.com.au//lines/tetley-t-bag-green-tea-50s
Foodland Balaklava,2025-05-04 23:56:22,Tetley Tea Cup Bags,50 x 2g,was $3.90,$3.30,$3.30 per 100g,https://foodlandbalaklava.com.au//lines/tetley-tea-cup-bags-s-50-x-2g
Foodland Balaklava,2025-05-04 23:56:22,That;​S Life Crack Code Puzzles 1pk,N/A,N/A,$5.80,N/A,https://foodlandbalaklava.com.au//lines/thats-life-crack-the-code
Foodland Balaklava,2025-05-04 23:56:22,The Happy Snack Company Favva Beans Lightly Salted 6.​0x25gm,N/A,N/A,$6.80,$4.53 per 100g,https://foodlandbalaklava.com.au//lines/h-snk-faav-beans-slt-6x25g
Foodland Balaklava,2025-05-04 23:56:22,The Happy Snack Company Sea Salt And Balsamic Vinegar Roasted Fava Beans,N/A,N/A,$6.80,$4.53 per 100g,https://foodlandbalaklava.com.au//lines/h-snk-rst-fava-bean-s-v-150g
Foodland Balaklava,2025-05-04 23:56:22,The Laughing Cow Original Cheese,240g,N/A,$8.20,$34.17 per kg,https://foodlandbalaklava.com.au//lines/bel-laughing-cow-chse-240gm-1
Foodland Balaklava,2025-05-04 23:56:22,The Natural Confectionery Co. Jelly Babies Lollies,220g,was $5.25,$4.65,$2.11 per 100g,https://foodlandbalaklava.com.au//lines/nat-conf-jelly-babies-220gm
Foodland Balaklava,2025-05-04 23:56:22,The Natural Confectionery Co. Party Mix Lollies,220g,was $5.25,$4.65,$2.11 per 100g,https://foodlandbalaklava.com.au//lines/nat-conf-party-mix-220gm
Foodland Balaklava,2025-05-04 23:56:22,The Natural Confectionery Co. Snakes Lollies,230g,was $5.25,$4.65,$2.02 per 100g,https://foodlandbalaklava.com.au//lines/nat-conf-snakes-230gm
Foodland Balaklava,2025-05-04 23:56:22,The Natural Confectionery Co. Zoo Crew,200g,was $5.25,$4.65,$2.32 per 100g,https://foodlandbalaklava.com.au//lines/nat-conf-zoo-crew-200gm
Foodland Balaklava,2025-05-04 23:56:22,Thomas Cappo Marinara Mix,500g,was $10.80,$8.45,$1.69 per 100g,https://foodlandbalaklava.com.au//lines/tc-marinara-mix-500g
Foodland Balaklava,2025-05-04 23:56:22,Tip Top Bakery Tip Top Gourmet Burger Buns,220g,N/A,$5.80,$145.00 per 100g,https://foodlandbalaklava.com.au//lines/tip-top-bun-gourmet-4pk-220gm
Foodland Balaklava,2025-05-04 23:56:22,Tip Top Bakery Tip Top® 9 Grain® Wholemeal Sandwich,750g,was $5.90,$4.50,$0.64 per 100g,https://foodlandbalaklava.com.au//lines/t-top-brd-9grain-w-meal750gm
Foodland Balaklava,2025-05-04 23:56:22,Tip Top Bakery Tip Top® Sandwich Thins Original Wrap 6 Pack,240g,N/A,$3.90,$1.62 per 100g,https://foodlandbalaklava.com.au//lines/tip-top-s-wich-orig-thins240gm
Foodland Balaklava,2025-05-04 23:56:22,Tip Top Cadbury Cake Freddo,1.5L,N/A,$17.85,$1.19 per 100mL,https://foodlandbalaklava.com.au//lines/cad-i-crm-cake-freddo-1-5l
Foodland Balaklava,2025-05-04 23:56:22,Tip Top English Muffins Wholemeal 6pk,N/A,was $6.20,$3.10,$0.78 per 100g,https://foodlandbalaklava.com.au//lines/t-top-muffins-wholemeal-pkt6
Foodland Balaklava,2025-05-04 23:56:22,Tiptop Bakery Tip Top Gourmet Thin & Crispy Pizza Bases White,440g,N/A,$6.60,$1.50 per 100g,https://foodlandbalaklava.com.au//lines/t-top-pizza-bases-wht-12in-2pk
Foodland Balaklava,2025-05-04 23:56:22,Tiptop Bakery Tip Top Krummies Bread Crumbs,375g,N/A,$3.25,$0.87 per 100g,https://foodlandbalaklava.com.au//lines/krummies-375gm
Foodland Balaklava,2025-05-04 23:56:22,Tiptop Bakery Tip Top Spicy Fruit English Muffin,6 x 400g,was $6.20,$3.10,$0.78 per 100g,https://foodlandbalaklava.com.au//lines/t-top-muffins-spcy-frt-6pk
Foodland Balaklava,2025-05-04 23:56:22,Tom Organic Ultra Thin Regular Organic Cotton Pads With Wings 10 Pack,N/A,was $7.15,$6.70,$0.67 Each,https://foodlandbalaklava.com.au//lines/tom-org-u-thin-pads-reg-10pk
Foodland Balaklava,2025-05-04 23:56:22,Tom Piper™ Braised Steak & Onions,400g,N/A,$3.60,$0.90 per 100g,https://foodlandbalaklava.com.au//lines/tom-p-braised-stk-onion-400gm
Foodland Balaklava,2025-05-04 23:56:22,"Tresemme Shampoo For Dry, Frizz-Prone Hair Smooth & Silky With Sunflower Seed Oil And Vitamin A",940mL,N/A,$16.00,$1.70 per 100mL,https://foodlandbalaklava.com.au//lines/tresemme-s-poo-smth-silk-940ml
Foodland Balaklava,2025-05-04 23:56:22,"Tresemme Tresemmé Purple Toning Conditioner For Vibrant, Blonde Hair Coconut Oil Rehydrates And Nourishes Coloured Hair",500mL,N/A,$15.00,$3.00 per 100mL,https://foodlandbalaklava.com.au//lines/tresemme-cond-purp-tone-500ml
Foodland Balaklava,2025-05-04 23:56:22,"Tresemme Tresemmé Purple Toning Shampoo For Vibrant, Blonde Hair With Coconut Oil Removes Brassiness And Yellow Tones",500mL,N/A,$15.00,$3.00 per 100mL,https://foodlandbalaklava.com.au//lines/tresemme-s-poo-purp-tone-500ml
Foodland Balaklava,2025-05-04 23:56:22,Trident Sweet Chilli Sauce,285mL,N/A,$4.05,$1.42 per 100mL,https://foodlandbalaklava.com.au//lines/trident-sce-swt-chilli-285ml-1
Foodland Balaklava,2025-05-04 23:56:24,Tropical Island Marinated Fish Fillets Lemon & Herb,340g,N/A,$8.40,$24.71 per kg,https://foodlandbalaklava.com.au//lines/tropical-fish-flt-lmn-hrb340gm
Foodland Balaklava,2025-05-04 23:56:24,Tru Blu Ceda Crm/​Soda,2L,N/A,$2.50,$1.25 per L,https://foodlandbalaklava.com.au//lines/tru-blu-ceda-crm-soda-2l
Foodland Balaklava,2025-05-04 23:56:24,Tru Blu Crush Passion,2L,N/A,$2.50,$1.25 per L,https://foodlandbalaklava.com.au//lines/tru-blu-crush-passion-2l
Foodland Balaklava,2025-05-04 23:56:24,Tru Blue Btr Garlic,150g,N/A,$3.95,$2.63 per 100g,https://foodlandbalaklava.com.au//lines/tru-blue-butter-garlic-150gm
Foodland Balaklava,2025-05-04 23:56:24,True Foods Traditional Naan Bread 2pk,250g,was $4.20,$3.50,$1.40 per 100g,https://foodlandbalaklava.com.au//lines/true-food-naan-brd-250gm
Foodland Balaklava,2025-05-04 23:56:24,True Thai Coconut Cream Lite,400mL,was $2.40,$1.95,$0.49 per 100mL,https://foodlandbalaklava.com.au//lines/true-thai-c-nut-crm-lte-400ml
Foodland Balaklava,2025-05-04 23:56:24,True Thai Paste Laksa,230g,was $4.60,$3.50,$1.46 per 100g,https://foodlandbalaklava.com.au//lines/true-thai-pste-laksa-230gm
Foodland Balaklava,2025-05-04 23:56:24,Tst India Butt Chk Sim/​Sce,425g,was $6.10,$4.90,$1.15 per 100g,https://foodlandbalaklava.com.au//lines/tst-india-butt-chk-sim-sce-425gm
Foodland Balaklava,2025-05-04 23:56:24,Turkey Herb & Mustard,N/A,N/A,$29.98,N/A,https://foodlandbalaklava.com.au//lines/turkey-herb-mustard
Foodland Balaklava,2025-05-04 23:56:24,Twinings Australian Afternoon Tea Bags,20g,was $3.15,$2.75,$13.75 per 100g,https://foodlandbalaklava.com.au//lines/twining-t-bag-aust-classic-10s-1
Foodland Balaklava,2025-05-04 23:56:24,Twinings Black Tea Earl Grey 100pk,200g,N/A,$14.20,$7.10 per 100g,https://foodlandbalaklava.com.au//lines/twining-t-bag-earl-grey-100s-1
Foodland Balaklava,2025-05-04 23:56:24,Twinings Herbal Infusions Pure Peppermint Tea Bags,20g,was $3.15,$2.75,$13.75 per 100g,https://foodlandbalaklava.com.au//lines/twining-t-bag-inf-p-mint-10s-2
Foodland Balaklava,2025-05-04 23:56:24,Twinings Infusions Cranberry & Pomegranate Tea Bags,20g,was $3.15,$2.75,$13.75 per 100g,https://foodlandbalaklava.com.au//lines/twining-t-bag-cranb-pomeg-10s-1
Foodland Balaklava,2025-05-04 23:56:24,Twinings Lemon Green Tea Bags,100g,N/A,$8.95,$8.95 per 100g,https://foodlandbalaklava.com.au//lines/twining-t-bag-grn-lemon-50s-1
Foodland Balaklava,2025-05-04 23:56:24,Twinings Tea Bags Envelope English Breakfast,10g,was $3.15,$2.75,$13.75 per 100g,https://foodlandbalaklava.com.au//lines/twining-t-bag-eng-bfast-10s-1
Foodland Balaklava,2025-05-04 23:56:24,Twisties Chicken,90g,was $2.85,$2.35,$2.61 per 100g,https://foodlandbalaklava.com.au//lines/twisties-chicken-90gm
Foodland Balaklava,2025-05-04 23:56:24,Tzatziki Garlic Sauce Fresh,200g,N/A,$5.25,$2.62 per 100g,https://foodlandbalaklava.com.au//lines/tzatziki-garlic-sce-frsh-200gm
Foodland Balaklava,2025-05-04 23:56:24,U By Kotex Designer Series Liners 30 Pack,N/A,was $4.40,$3.50,$0.12 Each,https://foodlandbalaklava.com.au//lines/u-by-kotex-c-lnr-prot-dsgn-30s
Foodland Balaklava,2025-05-04 23:56:24,U By Kotex Extra Overnight Pads Long With Wings 8 Pack,N/A,was $5.25,$5.00,$0.62 Each,https://foodlandbalaklava.com.au//lines/u-pad-extra-o-night-long-8s
Foodland Balaklava,2025-05-04 23:56:24,U By Kotex Sport Liners 30 Pack,N/A,was $4.40,$3.50,$0.12 Each,https://foodlandbalaklava.com.au//lines/u-by-kotex-c-lnr-sport-30s
Foodland Balaklava,2025-05-04 23:56:24,U By Kotex Ultrathin Overnight Pads With Wings 10 Pack,N/A,was $6.05,$5.00,$0.50 Each,https://foodlandbalaklava.com.au//lines/u-by-kotex-pad-o-nght-wng-10s-1
Foodland Balaklava,2025-05-04 23:56:24,U By Kotex Ultrathin Pads Regular No Wings 14 Pack,N/A,was $6.00,$5.00,$0.36 Each,https://foodlandbalaklava.com.au//lines/u-by-kotex-pad-u-th-reg-14s
Foodland Balaklava,2025-05-04 23:56:24,Uber Pumice Stone,N/A,N/A,$4.95,N/A,https://foodlandbalaklava.com.au//lines/uber-pumice-stone
Foodland Balaklava,2025-05-04 23:56:24,Ufc Bean Sprouts,410g,N/A,$2.85,$0.70 per 100g,https://foodlandbalaklava.com.au//lines/ufc-bean-sprouts-410gm
Foodland Balaklava,2025-05-04 23:56:24,Ultimate Yoghurt By Danone Golden Honey,4 x 115g,was $6.05,$4.50,$0.98 per 100g,https://foodlandbalaklava.com.au//lines/ultimate-greek-honey-4x115gm
Foodland Balaklava,2025-05-04 23:56:24,"Uncle Tobys - 4 Whole Grains - Corn, Wheat, Oats, Rice - Source Of Fibre - No Artificial Colours Or Flavours - Contains 10 Vitamins & Minerals - Healt",N/A,was $6.85,$6.50,$2.03 per 100g,https://foodlandbalaklava.com.au//lines/u-toby-cheerios-mltigrn-320gm
Foodland Balaklava,2025-05-04 23:56:24,Uncle Tobys Cheerios Honey Multigrain Breakfast Cereal,520g,N/A,$7.90,$1.52 per 100g,https://foodlandbalaklava.com.au//lines/u-toby-cheerios-hny-520gm
Foodland Balaklava,2025-05-04 23:56:24,Uncle Tobys Cheerios Multigrain Breakfast Cereal,520g,N/A,$7.90,$1.41 per 100g,https://foodlandbalaklava.com.au//lines/u-toby-cheerios-whlgrn-560gm
Foodland Balaklava,2025-05-04 23:56:24,Uncle Tobys Oats Breakfast Bakes Cereal Bar Apple & Cinnamon,260g,was $7.35,$6.30,$2.42 per 100g,https://foodlandbalaklava.com.au//lines/u-toby-oat-bke-app-cin-260gm
Foodland Balaklava,2025-05-04 23:56:24,Uncle Tobys Oats Quick Sachets Protein Variety Porridge Sachets,N/A,was $6.60,$5.70,$2.04 per 100g,https://foodlandbalaklava.com.au//lines/u-toby-oat-quick-var-pro-280g
Foodland Balaklava,2025-05-04 23:56:24,Uncle Tobys Plus Antioxidant,435g,was $6.85,$5.00,$1.15 per 100g,https://foodlandbalaklava.com.au//lines/u-toby-plus-antioxidnt-435gm
Foodland Balaklava,2025-05-04 23:56:24,Uncle Tobys Plus Fibre Breakfast Cereal With Apples & Sultanas,430g,was $6.85,$5.00,$1.16 per 100g,https://foodlandbalaklava.com.au//lines/u-toby-plus-fibre-430gm-1
Foodland Balaklava,2025-05-04 23:56:24,Uncle Tobys Plus Iron,410g,was $6.85,$5.00,$1.22 per 100g,https://foodlandbalaklava.com.au//lines/u-toby-plus-iron-410gm-1
Foodland Balaklava,2025-05-04 23:56:24,Uncle Tobys Protein Muesli Bars Caramel Flavour Dark Choc X5,175g,N/A,$7.05,$4.03 per 100g,https://foodlandbalaklava.com.au//lines/u-toby-pro-bar-crml-d-chc175gm
Foodland Balaklava,2025-05-04 23:56:24,Uncle Tobys Quick Sachets Porridge Milo,N/A,was $6.60,$5.70,$2.04 per 100g,https://foodlandbalaklava.com.au//lines/u-toby-oat-quick-milo-280g
Foodland Balaklava,2025-05-04 23:56:24,Uncle Tobys Vita Weeties Original Breakfast Cereal,510g,was $6.30,$5.15,$1.01 per 100g,https://foodlandbalaklava.com.au//lines/u-toby-vita-weeties-510gm
Foodland Balaklava,2025-05-04 23:56:24,Uniquely Natural Dishwashing Machine Powder,1kg,N/A,$11.50,$11.50 per kg,https://foodlandbalaklava.com.au//lines/nq-dishwash-mach-pwdr-1kg
Foodland Balaklava,2025-05-04 23:56:24,Uniquely Natural Foaming Face Cleanser,125mL,N/A,$11.00,$8.80 per 100mL,https://foodlandbalaklava.com.au//lines/nq-foaming-face-cleanser125ml
Foodland Balaklava,2025-05-04 23:56:24,Up & Go Banana 6pk,N/A,N/A,$12.60,$8.40 per L,https://foodlandbalaklava.com.au//lines/sanit-up-go-banana-6x250ml
Foodland Balaklava,2025-05-04 23:56:24,Up&​Go Dairy Free Vanilla Ice,12 x 250mL,N/A,$17.50,$5.83 per L,https://foodlandbalaklava.com.au//lines/sanit-up-go-van-d-fr-12x250ml
Foodland Balaklava,2025-05-04 23:56:24,Up&​Go Liquid Breakfast Banana,3 x 250mL,N/A,$7.15,$9.53 per L,https://foodlandbalaklava.com.au//lines/sanit-up-go-banana-3x250ml
Foodland Balaklava,2025-05-04 23:56:24,Up&​Go Liquid Breakfast Vanilla Ice,6 x 250mL,N/A,$12.60,$8.40 per L,https://foodlandbalaklava.com.au//lines/sanit-up-go-van-ice-6x250ml
Foodland Balaklava,2025-05-04 23:56:24,Up&​Go Protein Energize Choc,6 x 250mL,N/A,$13.25,$8.83 per L,https://foodlandbalaklava.com.au//lines/sanit-up-go-engz-choc-6x250ml
Foodland Balaklava,2025-05-04 23:56:24,V.​I.​P. Lamb Chunkers,1kg,N/A,$6.30,$0.63 per 100g,https://foodlandbalaklava.com.au//lines/vip-chunkers-lamb-1kg
Foodland Balaklava,2025-05-04 23:56:24,V.​I.​P. Petfoods™ Paws Fresh Mince For Dogs & Cats Chilled Food,3kg,N/A,$17.85,$0.60 per 100g,https://foodlandbalaklava.com.au//lines/paws-mince-lean-bulk-3kg
Foodland Balaklava,2025-05-04 23:56:24,V/​Valy Vinegar White,2L,was $6.00,$5.65,$0.28 per 100mL,https://foodlandbalaklava.com.au//lines/v-valy-vinegar-white-2lt
Foodland Balaklava,2025-05-04 23:56:24,V8 Juice Power Blend Purple Power,1.25L,N/A,$6.30,$5.04 per L,https://foodlandbalaklava.com.au//lines/camp-v8-power-purple-1-25l
Foodland Balaklava,2025-05-04 23:56:24,V8 Juice Tropical,1.25L,N/A,$5.80,$4.64 per L,https://foodlandbalaklava.com.au//lines/camp-v8-tropical-1-25l
Foodland Balaklava,2025-05-04 23:56:25,Valcom Bamboo Shoots Slc,225g,N/A,$1.70,$7.56 per kg,https://foodlandbalaklava.com.au//lines/valcom-bamboo-shoots-slc-225gm
Foodland Balaklava,2025-05-04 23:56:25,Valcom Pste Pad Thai #​240gm,N/A,N/A,$4.50,$1.88 per 100g,https://foodlandbalaklava.com.au//lines/valcom-pste-pad-thai-240gm
Foodland Balaklava,2025-05-04 23:56:25,Valcom Water Chestnut Sl#​227gm,N/A,N/A,$1.60,$7.05 per kg,https://foodlandbalaklava.com.au//lines/valcom-water-chestnut-sl-227gm
Foodland Balaklava,2025-05-04 23:56:25,Vanish Napisan Gold Pro Oxi Action Stain Remover Powder,2kg,N/A,$37.80,$18.90 per kg,https://foodlandbalaklava.com.au//lines/vanish-pwdr-gold-pro-pink-2kg
Foodland Balaklava,2025-05-04 23:56:25,Vanish Napisan Oxi Action Stain Remover Powder,1kg,was $12.10,$10.00,$10.00 per kg,https://foodlandbalaklava.com.au//lines/napisan-oxiaction-intell-1kg
Foodland Balaklava,2025-05-04 23:56:25,Vaseline Intensive Care Hand Cream Healthy Hands Stronger Nails,75mL,was $5.55,$2.65,$3.53 per 100mL,https://foodlandbalaklava.com.au//lines/vaseline-i-c-hnd-nail-ltn-75ml
Foodland Balaklava,2025-05-04 23:56:25,Veet Expert Legs And Body & Full Bikini Hair Removal Cream,100mL,N/A,$9.45,$9.45 per 100mL,https://foodlandbalaklava.com.au//lines/veet-hair-remv-crm-lg-bdy100ml
Foodland Balaklava,2025-05-04 23:56:25,Veet Pure Hair Removal Cold Wax Strips Face Sensitive Skin 20 Pack,N/A,was $11.05,$9.00,$0.45 Each,https://foodlandbalaklava.com.au//lines/veet-wax-strips-cold-20s
Foodland Balaklava,2025-05-04 23:56:25,Veet Pure Hair Removal Cream Legs And Body Sensitive Skin,100mL,N/A,$7.00,$7.00 per 100mL,https://foodlandbalaklava.com.au//lines/veet-hair-removr-crm-sen-100gm
Foodland Balaklava,2025-05-04 23:56:25,Vege Chips Gluten Free 12pk,250g,N/A,$10.00,$4.00 per 100g,https://foodlandbalaklava.com.au//lines/ajita-veg-chips-multi-pk-250gm
Foodland Balaklava,2025-05-04 23:56:25,Vegemite & Cheese,270g,was $5.80,$5.00,$1.85 per 100g,https://foodlandbalaklava.com.au//lines/vegemite-cheesybite-270gm-1
Foodland Balaklava,2025-05-04 23:56:25,Vegeta Chicken Stock Powder,200g,N/A,$5.10,$0.26 per 10g,https://foodlandbalaklava.com.au//lines/podravka-vegeta-chkn-stock200g
Foodland Balaklava,2025-05-04 23:56:25,Vegetable Pre-Pack,1kg,N/A,$5.00,$5.00 per kg,https://foodlandbalaklava.com.au//lines/vegetable-pre-pack-1kg
Foodland Balaklava,2025-05-04 23:56:25,Velvet Goats Milk Beauty Bar,2 x 200g,was $4.50,$4.20,$2.10 per 100g,https://foodlandbalaklava.com.au//lines/velvet-soap-goats-2s200gm
Foodland Balaklava,2025-05-04 23:56:25,Vicks Cough 2 In1 Dry + Chesty Cough Syrup,200mL,N/A,$12.00,$6.00 per 100mL,https://foodlandbalaklava.com.au//lines/vicks-cough-dry-chs-2in1-200ml
Foodland Balaklava,2025-05-04 23:56:25,Vicks Vapo Shower Soothing Vapour Shower 3 Tablets,N/A,N/A,$10.40,$3.47 Each,https://foodlandbalaklava.com.au//lines/vicks-vaposhower-3pk
Foodland Balaklava,2025-05-04 23:56:25,Vicks Vapodrops Butter Menthol Cough Cold 24 Lozenges,N/A,N/A,$6.20,$0.26 Each,https://foodlandbalaklava.com.au//lines/vicks-vapodrops-butt-ment-24s
Foodland Balaklava,2025-05-04 23:56:25,Vicks Vaporub Decongestant Cough Cold Rub,50g,N/A,$9.35,$18.70 per 100g,https://foodlandbalaklava.com.au//lines/vicks-vaporub-50gm
Foodland Balaklava,2025-05-04 23:56:25,Vicks Vaporub Xtra Strong Vaporizing Ointment For Your Tough Cold Symptoms - Cough & Cold,50g,N/A,$12.50,$25.00 per 100g,https://foodlandbalaklava.com.au//lines/vicks-vaporub-xtra-strong-50gm
Foodland Balaklava,2025-05-04 23:56:25,Viennetta Streets Ice Cream Dessert Cake Vanilla With Layers Of Delicious Chocolate Curls,650mL,N/A,$8.40,$1.29 per 100mL,https://foodlandbalaklava.com.au//lines/str-i-crm-vienetta-van-650ml
Foodland Balaklava,2025-05-04 23:56:25,Vileda Supermocio Soft Mop With Telescopic Handle,N/A,N/A,$13.65,N/A,https://foodlandbalaklava.com.au//lines/vileda-supermop-soft-1325
Foodland Balaklava,2025-05-04 23:56:25,Vilis Beef Curry Pie,160g,N/A,$5.00,$3.12 per 100g,https://foodlandbalaklava.com.au//lines/vilis-pie-curry-160gm
Foodland Balaklava,2025-05-04 23:56:25,Vilis Berliner Jam,110g,N/A,$3.50,$3.18 per 100g,https://foodlandbalaklava.com.au//lines/vilis-berliner-jam-110gm
Foodland Balaklava,2025-05-04 23:56:25,Vilis Bun Apl/​Cinn,160g,N/A,$3.50,$2.19 per 100g,https://foodlandbalaklava.com.au//lines/vilis-bun-apl-cinn-160gm
Foodland Balaklava,2025-05-04 23:56:25,Vilis Custard Tart,150g,was $3.80,$3.60,$2.40 per 100g,https://foodlandbalaklava.com.au//lines/vilis-custard-tart-150gm
Foodland Balaklava,2025-05-04 23:56:25,Vilis Pie Gourmet Chicken160gm,N/A,was $5.30,$5.10,$3.19 per 100g,https://foodlandbalaklava.com.au//lines/vilis-pie-gourmet-chicken160gm
Foodland Balaklava,2025-05-04 23:56:25,Vilis Quiche Lorrne Plte,600g,N/A,$16.29,$2.72 per 100g,https://foodlandbalaklava.com.au//lines/vilis-quiche-lorrne-plte-600gm
Foodland Balaklava,2025-05-04 23:56:25,Vilis Vili Dog Cheese,130g,was $5.30,$5.20,$4.00 per 100g,https://foodlandbalaklava.com.au//lines/vilis-vili-dog-cheese-130gm
Foodland Balaklava,2025-05-04 23:56:25,Vitasoy Barista’​S Choice Almond Milk,1L,N/A,$4.75,$4.75 per L,https://foodlandbalaklava.com.au//lines/vitasoy-frsh-alm-barista-1l
Foodland Balaklava,2025-05-04 23:56:25,Vitasoy Rice Milk,1L,N/A,$3.45,$3.45 per L,https://foodlandbalaklava.com.au//lines/vitasoy-rice-milk-esl-1l-1
Foodland Balaklava,2025-05-04 23:56:25,Vitasoy Soy Milky Iced Coffee Chilled,1L,was $4.20,$3.40,$3.40 per L,https://foodlandbalaklava.com.au//lines/vitasoy-soy-milky-i-coffee-1l
Foodland Balaklava,2025-05-04 23:56:25,Viva Double Length Paper Towels 2 Pack 21cm,N/A,was $7.90,$6.00,$2.50 per 100 Sheets,https://foodlandbalaklava.com.au//lines/viva-towel-dbl-120-white-2pk
Foodland Balaklava,2025-05-04 23:56:25,Viva Select-A-Size Paper Towels 2 Pack,N/A,N/A,$4.50,$2.50 per 100 Sheets,https://foodlandbalaklava.com.au//lines/viva-towel-wht-selct-a-sze-twn
Foodland Balaklava,2025-05-04 23:56:25,Vo5 Hair Gel Style Wax Groomed,75mL,was $6.30,$6.00,$8.00 per 100mL,https://foodlandbalaklava.com.au//lines/vo5-hair-gel-styl-wax-grm-75ml
Foodland Balaklava,2025-05-04 23:56:25,Vo5 Hairspray Firm Hold,200g,was $5.80,$5.50,$2.75 per 100g,https://foodlandbalaklava.com.au//lines/vo5-adv-h-spray-frm-hld-200gm
Foodland Balaklava,2025-05-04 23:56:25,Vo5 Hairspray Volume&​Lift Styling Spray,200g,was $5.80,$5.50,$2.75 per 100g,https://foodlandbalaklava.com.au//lines/vo5-styl-volum-lift-spry-200ml
Foodland Balaklava,2025-05-04 23:56:25,Vo5 Style Wax Mega Hold Hairspray,200mL,was $5.80,$5.50,$2.75 per 100mL,https://foodlandbalaklava.com.au//lines/vo5-adv-gel-spry-mega-hld200ml
Foodland Balaklava,2025-05-04 23:56:25,Voost Hydrate Orange Effervescent Vitamins Supplement Relieve Symptoms Of Dehydration 20 Tablets,N/A,N/A,$12.60,$0.63 Each,https://foodlandbalaklava.com.au//lines/voost-tab-hydrate-orange-20s
Foodland Balaklava,2025-05-04 23:56:25,W/​Lichs Bier Stk Hungarian,50g,was $2.99,$2.70,$54.00 per kg,https://foodlandbalaklava.com.au//lines/w-lichs-bier-stk-hungarian-50gm
Foodland Balaklava,2025-05-04 23:56:25,W/​Lichs Pepperoni Slc,200g,N/A,$6.80,$34.00 per kg,https://foodlandbalaklava.com.au//lines/w-lichs-pepperoni-slc-200gm
Foodland Balaklava,2025-05-04 23:56:25,Wai Wai Rice Vermicelli,200g,N/A,$2.35,$1.18 per 100g,https://foodlandbalaklava.com.au//lines/waiwai-vermicelli-rice-200gm
Foodland Balaklava,2025-05-04 23:56:25,Waterfords Blackcurrant,1L,N/A,$2.25,$2.25 per L,https://foodlandbalaklava.com.au//lines/w-fords-m-wtr-l-f-bcurrnt-1l
Foodland Balaklava,2025-05-04 23:56:25,Waterfords Lite & Fruity Sparkling Natural Mineral Water Apple Berry,1L,N/A,$2.25,$2.25 per L,https://foodlandbalaklava.com.au//lines/w-fords-m-wtr-l-f-app-bry-1l
Foodland Balaklava,2025-05-04 23:56:25,Wattle Valley Smoked Salmon Dip,150g,N/A,$5.50,$3.67 per 100g,https://foodlandbalaklava.com.au//lines/w-valley-smoked-salmon-dip-150g
Foodland Balaklava,2025-05-04 23:56:25,Wattle Valley Soft Wrap Lite White,344g,N/A,$4.70,$1.37 per 100g,https://foodlandbalaklava.com.au//lines/wv-soft-wraps-lite-white-344gm
Foodland Balaklava,2025-05-04 23:56:25,Western Star Spreadable Original Soft,375g,was $6.30,$5.20,$1.39 per 100g,https://foodlandbalaklava.com.au//lines/w-star-spreadable-trad-375gm
Foodland Balaklava,2025-05-04 23:56:25,Wet Ones Be Gentle Wipes 15 Pack,N/A,was $2.30,$2.00,$13.33 Units100,https://foodlandbalaklava.com.au//lines/wet-ones-be-gentle-trv-pk-15s
Foodland Balaklava,2025-05-04 23:56:25,Whiskas 1+ Years Adult Dry Cat Food With Chicken & Rabbit Bag,800g,N/A,$7.35,$0.92 per 100g,https://foodlandbalaklava.com.au//lines/whiskas-adlt-chkn-rabt-800gm
Foodland Balaklava,2025-05-04 23:56:26,Whiskas 1+ Years Adult So Meaty Wet Cat Food With Poultry In Gravy Pouch,12 x 85g,was $15.25,$10.15,$1.00 per 100g,https://foodlandbalaklava.com.au//lines/whiskas-o-s-poultry-mvms12x85g
Foodland Balaklava,2025-05-04 23:56:26,Whiskas 1+ Years Adult Wet Cat Food With Beef Favourites In Jelly Pouch,12 x 85g,N/A,$13.00,$1.27 per 100g,https://foodlandbalaklava.com.au//lines/whiskas-bf-in-jly-12x85gm
Foodland Balaklava,2025-05-04 23:56:26,Whiskas 1+ Years Adult Wet Cat Food With Mixed Favourites In Jelly Pouch,24 x 85g,was $22.60,$21.00,$1.03 per 100g,https://foodlandbalaklava.com.au//lines/whiskas-fav-mxd-in-jly-24x85gm
Foodland Balaklava,2025-05-04 23:56:26,Whiskas 2-12 Months Kitten Dry Food With Chicken & Tuna Bag,800g,N/A,$7.35,$0.92 per 100g,https://foodlandbalaklava.com.au//lines/whiskas-kttn-chkn-tuna-800gm
Foodland Balaklava,2025-05-04 23:56:26,Whiskas 7+ Years Adult Wet Cat Food With Beef Casserole Can,400g,was $2.85,$2.45,$0.61 per 100g,https://foodlandbalaklava.com.au//lines/whiskas-8-bf-chk-slc-nat-400gm
Foodland Balaklava,2025-05-04 23:56:26,Whiskas® 1+ Years Adult Indoor Dry Cat Food With Chicken & Turkey Bag,800g,N/A,$7.35,$0.92 per 100g,https://foodlandbalaklava.com.au//lines/whiskas-adlt-chkn-trky-800gm
Foodland Balaklava,2025-05-04 23:56:26,Whiskas® 1+ Years Adult Wet Cat Food With Mixed Favourites In Gravy Pouch,12 x 85g,N/A,$13.00,$1.27 per 100g,https://foodlandbalaklava.com.au//lines/whiskas-fav-mx-slct-mvms12x85g
Foodland Balaklava,2025-05-04 23:56:26,White Choc & Crnbry Cookie 6pk,N/A,N/A,$4.29,$0.72 Each,https://foodlandbalaklava.com.au//lines/white-choc-crnbry-cookie-6pk-1
Foodland Balaklava,2025-05-04 23:56:26,White King Bathroom Power Gel Lemon,750mL,N/A,$5.25,$0.70 per 100mL,https://foodlandbalaklava.com.au//lines/white-king-bthrm-gel-lem-750ml
Foodland Balaklava,2025-05-04 23:56:26,White King Premium Bleach Lavender 1.​25,N/A,N/A,$4.10,$3.28 per L,https://foodlandbalaklava.com.au//lines/white-king-bleach-lavndr-1-25l-1
Foodland Balaklava,2025-05-04 23:56:26,White King Premium Bleach Lemon 1.​25,N/A,N/A,$4.10,$3.28 per L,https://foodlandbalaklava.com.au//lines/white-king-bleach-lemon-1-25l-1
Foodland Balaklava,2025-05-04 23:56:26,White King Premium Bleach Lemon 2.​5,N/A,N/A,$5.25,$2.10 per L,https://foodlandbalaklava.com.au//lines/white-king-bleach-lemon-2-5l-1
Foodland Balaklava,2025-05-04 23:56:26,White Wings Cake In A Cup Mix Choc Brownie 4 Pack,220g,was $6.30,$4.50,$2.05 per 100g,https://foodlandbalaklava.com.au//lines/w-w-cake-in-a-cup-brownie220gm
Foodland Balaklava,2025-05-04 23:56:26,White Wings Gluten Free Flour Self Raising,500g,N/A,$5.25,$10.50 per kg,https://foodlandbalaklava.com.au//lines/w-w-flour-slf-r-gltn-free500gm
Foodland Balaklava,2025-05-04 23:56:26,White Wings Premium Self Raising Flour,1kg,N/A,$3.55,$3.55 per kg,https://foodlandbalaklava.com.au//lines/w-w-flour-self-raising-1kg
Foodland Balaklava,2025-05-04 23:56:26,White Wings Triple Chocolate Muffins,550g,was $6.30,$4.50,$0.82 per 100g,https://foodlandbalaklava.com.au//lines/w-w-muff-mx-trpl-choc-550gm
Foodland Balaklava,2025-05-04 23:56:26,White Wings Vanilla Cake,510g,was $6.30,$4.50,$0.88 per 100g,https://foodlandbalaklava.com.au//lines/w-w-c-mix-layered-vanilla510gm
Foodland Balaklava,2025-05-04 23:56:26,White Wings Wholemeal Self Raising Flour,1kg,N/A,$3.80,$3.80 per kg,https://foodlandbalaklava.com.au//lines/w-w-flour-self-raising-w-m-1kg
Foodland Balaklava,2025-05-04 23:56:26,Whole Earth Monk Fruit Raw Sugar,200g,N/A,$9.35,$4.68 per 100g,https://foodlandbalaklava.com.au//lines/whole-earth-sugar-raw-200gm
Foodland Balaklava,2025-05-04 23:56:26,Whole Earth Stevia Ultimate Sugar Replacement Super Value Pack,350g,N/A,$7.25,$2.07 per 100g,https://foodlandbalaklava.com.au//lines/whole-earth-grnl-canister350gm
Foodland Balaklava,2025-05-04 23:56:26,Whole Egg Real Mayonnaise,440g,was $7.35,$6.65,$1.51 per 100g,https://foodlandbalaklava.com.au//lines/s-w-mayonnaise-whole-egg-440gm
Foodland Balaklava,2025-05-04 23:56:26,Wicked Sister High Protein Chocolate Pudding,170g,was $3.15,$2.60,$1.53 per 100g,https://foodlandbalaklava.com.au//lines/wick-sist-pud-h-pro-choc-170gm
Foodland Balaklava,2025-05-04 23:56:26,Wicked Sister Vanilla Rice Pudding,2g,was $5.15,$4.55,$1.34 per 100g,https://foodlandbalaklava.com.au//lines/wick-sist-r-pud-van-bn-2x170gm
Foodland Balaklava,2025-05-04 23:56:26,Wiechs Egg Noodles Ribbon,250g,N/A,$5.80,$2.32 per 100g,https://foodlandbalaklava.com.au//lines/wiechs-egg-ndls-ribbon-250gm
Foodland Balaklava,2025-05-04 23:56:26,Wokka Flat Wide Noodles,400g,N/A,$3.00,$0.75 per 100g,https://foodlandbalaklava.com.au//lines/wokka-ndl-flat-400g
Foodland Balaklava,2025-05-04 23:56:26,Wokka Ndl Thin Egg,440g,N/A,$3.00,$0.68 per 100g,https://foodlandbalaklava.com.au//lines/wokka-ndl-thin-egg-440gm
Foodland Balaklava,2025-05-04 23:56:26,Wokka Peanut Satay Noodle Box,350g,N/A,$5.25,$1.50 per 100g,https://foodlandbalaklava.com.au//lines/wokka-ndl-box-pnut-satay-350g
Foodland Balaklava,2025-05-04 23:56:26,Wokka Ramen Noodle,400g,N/A,$3.00,$0.75 per 100g,https://foodlandbalaklava.com.au//lines/wokka-ndl-ramen-400gm
Foodland Balaklava,2025-05-04 23:56:26,Woman’​S Day Magazine,N/A,N/A,$6.20,N/A,https://foodlandbalaklava.com.au//lines/womans-day-magazine-2
Foodland Balaklava,2025-05-04 23:56:26,Womens Weekly Puzzle Book,N/A,N/A,$10.99,N/A,https://foodlandbalaklava.com.au//lines/aww-puzzler-standard
Foodland Balaklava,2025-05-04 23:56:26,World’​S Best Cat Litter,N/A,was $27.30,$24.70,$6.80 per kg,https://foodlandbalaklava.com.au//lines/worlds-bst-cat-ltr-multi3-63kg
Foodland Balaklava,2025-05-04 23:56:26,Yoghurt Shop Mango,500g,was $8.95,$7.00,$1.40 per 100g,https://foodlandbalaklava.com.au//lines/yog-shop-mango-500g
Foodland Balaklava,2025-05-04 23:56:26,Yoghurt Shop Vanilla Bean,500g,was $8.95,$7.00,$1.40 per 100g,https://foodlandbalaklava.com.au//lines/yog-shop-vanilla-bean-500g
Foodland Balaklava,2025-05-04 23:56:26,Yoplait Berry Punnet Yoghurt Multipack,12 x 100g,N/A,$8.00,$0.67 per 100g,https://foodlandbalaklava.com.au//lines/yop-ygt-berry-punnet-12x100gm
Foodland Balaklava,2025-05-04 23:56:26,Yoplait Berry Punnet Yoghurt Multipack,6 x 160g,N/A,$6.50,$0.68 per 100g,https://foodlandbalaklava.com.au//lines/yop-ygt-berry-punnet-6x160gm
Foodland Balaklava,2025-05-04 23:56:26,Yoplait Zero Yoghurt Classics Multipack,6 x 160g,N/A,$6.50,$0.68 per 100g,https://foodlandbalaklava.com.au//lines/yop-ygt-forme-classic-6x160gm
Foodland Balaklava,2025-05-04 23:56:26,Your Bakery Coffee Cake,370g,N/A,$5.55,$1.50 per 100g,https://foodlandbalaklava.com.au//lines/your-bakery-cke-coff-swrl370gm
Foodland Balaklava,2025-05-04 23:56:26,Your Bakery Double Sponge Chocolate,460g,N/A,$7.15,$1.55 per 100g,https://foodlandbalaklava.com.au//lines/y-bkry-dbl-u-spng-choc-460gm
Foodland Balaklava,2025-05-04 23:56:26,Your Bakery Spiced Tea Cake,300g,N/A,$5.55,$1.85 per 100g,https://foodlandbalaklava.com.au//lines/your-bakery-cke-spced-tea300gm
Foodland Balaklava,2025-05-04 23:56:26,Yp Chicken Kiev Rw,N/A,N/A,$13.79,$22.99 per kg,https://foodlandbalaklava.com.au//lines/yp-chicken-kiev-rw-1
Foodland Balaklava,2025-05-04 23:56:26,Yp Chicken Schnitzel Bulk Rw,N/A,N/A,$19.99,N/A,https://foodlandbalaklava.com.au//lines/yp-chicken-schnitzel-bulk-rw-1
Foodland Balaklava,2025-05-04 23:56:26,Yp Chicken Wingette Herb & Garlic Rw,N/A,N/A,$12.99,N/A,https://foodlandbalaklava.com.au//lines/yp-chicken-wingette-herb-garlic-rw-3
Foodland Balaklava,2025-05-04 23:56:26,Yp Chicken Wingette Honey Soy Rw,N/A,N/A,$12.99,N/A,https://foodlandbalaklava.com.au//lines/yp-chicken-wingette-honey-soy-rw-3
Foodland Balaklava,2025-05-04 23:56:26,Yp Chicken Wings Rw,N/A,N/A,$9.99,N/A,https://foodlandbalaklava.com.au//lines/yp-chicken-wings-rw-2
Foodland Balaklava,2025-05-04 23:56:26,Yp Chuck Steak Rw,N/A,N/A,$11.00,$21.99 per kg,https://foodlandbalaklava.com.au//lines/yp-chuck-steak-rw-1
Foodland Balaklava,2025-05-04 23:56:26,Yp Herb & Garlic Chicken Steaks Rw,N/A,N/A,$19.99,N/A,https://foodlandbalaklava.com.au//lines/yp-herb-garlic-chicken-steaks-rw
Foodland Balaklava,2025-05-04 23:56:26,Yp Murray Grey Beef Sausages,N/A,N/A,$12.99,N/A,https://foodlandbalaklava.com.au//lines/yp-murray-grey-beef-sausages
Foodland Balaklava,2025-05-04 23:56:26,Yp Pork Spare Ribs Rw,N/A,N/A,$29.99,N/A,https://foodlandbalaklava.com.au//lines/yp-pork-spare-ribs-rw-2
Foodland Balaklava,2025-05-04 23:56:27,Yp Smokey BBQ Pork Loin Chops,N/A,N/A,$21.99,N/A,https://foodlandbalaklava.com.au//lines/yp-smokey-bbq-pork-loin-chops-2
Foodland Balaklava,2025-05-04 23:56:27,Zafarelli Fettuccine No. 12,500g,N/A,$2.00,$0.40 per 100g,https://foodlandbalaklava.com.au//lines/zafarelli-no12-fettucini-500gm
Foodland Balaklava,2025-05-04 23:56:27,Zappo Grape Flavour Sour Chews,N/A,N/A,$3.80,$3.65 per 100g,https://foodlandbalaklava.com.au//lines/zappo-grape-4pk-104g
Foodland Balaklava,2025-05-04 23:56:27,Ziploc® Freezer Bags Xlarge Resealable Food Storage 10 Pack,N/A,was $5.80,$3.50,$35.00 Units100,https://foodlandbalaklava.com.au//lines/ziploc-frz-bag-xl-10s
Foodland Balaklava,2025-05-04 23:56:27,Zooper Dooper Lemonade 24 Pack 24.​0x70ml,N/A,N/A,$7.55,$0.45 per 100mL,https://foodlandbalaklava.com.au//lines/zooper-dooper-lemonade-24x70ml
Foodland Balaklava,2025-05-04 23:56:27,Zoosh Creamy Potato Salad Dressing,300mL,was $4.05,$2.80,$0.93 per 100mL,https://foodlandbalaklava.com.au//lines/zoosh-drs-potato-salad-300ml
Foodland Balaklava,2025-05-04 23:56:27,Zyrtec / Reactine Zyrtec Rapid Acting Hayfever Allergy Relief Antihistamine Mini Tablets 10 Pack,N/A,was $14.70,$12.00,$1.20 Each,https://foodlandbalaklava.com.au//lines/zyrtec-tablets-10mg-10pk
Foodland Balaklava,2025-05-04 23:56:27,Gawler South Bakery Passionfruit Cheesecake,120g,N/A,$4.60,$3.83 per 100g,https://foodlandbalaklava.com.au//lines/gsb-passionfruit-cheesecake120g
Foodland Balaklava,2025-05-04 23:56:27,Munch Me Bar Pistachio Cranberry,120g,N/A,$4.25,$10.62 per 100g,https://foodlandbalaklava.com.au//lines/bar-cntr-h-bar-choc-brwne-40gm
Foodland Balaklava,2025-05-04 23:56:27,My Life Bio Cheese Alternative Cheese Slices,200g,N/A,$9.99,$49.95 per kg,https://foodlandbalaklava.com.au//lines/bio-cheese-slice-orig-200g
Foodland Balaklava,2025-05-04 23:56:27,Nando's Peri Peri Hot Sauce,250mL,was $7.15,$6.00,$2.40 per 100mL,https://foodlandbalaklava.com.au//lines/nandos-peri-peri-sce-hot-250gm
Foodland Balaklava,2025-05-04 23:56:27,Stainless Steel Meat Thermometer,N/A,N/A,$6.93,N/A,https://foodlandbalaklava.com.au//lines/f-guru-s-s-meat-thermometer
Foodland Balaklava,2025-05-04 23:56:27,12pc Cookie Cutters,N/A,N/A,$5.95,N/A,https://foodlandbalaklava.com.au//lines/12pc-cookie-cutters
Foodland Balaklava,2025-05-04 23:56:27,19pc Precision Tool Set,N/A,N/A,$12.95,N/A,https://foodlandbalaklava.com.au//lines/19pc-precision-tool-set
Foodland Balaklava,2025-05-04 23:56:27,2025 Fringe Bag,N/A,N/A,$5.99,N/A,https://foodlandbalaklava.com.au//lines/2025-fringe-bag
Foodland Balaklava,2025-05-04 23:56:27,20cm Aussie Rules Football,N/A,N/A,$15.00,N/A,https://foodlandbalaklava.com.au//lines/aussie-rules-football-20cm
Foodland Balaklava,2025-05-04 23:56:27,24cm Aussie Rules Football,N/A,N/A,$19.00,N/A,https://foodlandbalaklava.com.au//lines/aussie-rules-football-24cm
Foodland Balaklava,2025-05-04 23:56:27,2pc Sink Strainers,N/A,N/A,$2.95,N/A,https://foodlandbalaklava.com.au//lines/2pc-sink-strainers
Foodland Balaklava,2025-05-04 23:56:27,3 In One Degreaser,400g,N/A,$7.88,N/A,https://foodlandbalaklava.com.au//lines/3-in-1-degreaser-400gm
Foodland Balaklava,2025-05-04 23:56:27,3-In-One Silicone Spray Lubricant,300g,N/A,$13.34,N/A,https://foodlandbalaklava.com.au//lines/3in1-silicone-spray-300gm
Foodland Balaklava,2025-05-04 23:56:27,30day Citronella Gel Diffuser,N/A,N/A,$7.00,N/A,https://foodlandbalaklava.com.au//lines/30day-citronella-gel-diffuser
Foodland Balaklava,2025-05-04 23:56:27,4 Compartment Container,N/A,N/A,$7.95,N/A,https://foodlandbalaklava.com.au//lines/4-compartment-container
Foodland Balaklava,2025-05-04 23:56:27,4 Legs Chicken Vegetable Meatballs,870g,N/A,$8.20,$0.94 per 100g,https://foodlandbalaklava.com.au//lines/4legs-p-fd-m-b-ch-v-fr-rc870gm
Foodland Balaklava,2025-05-04 23:56:27,4 Seasons The Naked Classic Condom 12pk,N/A,was $7.35,$6.50,$0.54 Each,https://foodlandbalaklava.com.au//lines/4-season-condom-naked-12pk
Foodland Balaklava,2025-05-04 23:56:27,4x4 Australia Standard,N/A,N/A,$11.95,N/A,https://foodlandbalaklava.com.au//lines/4x4-australia-standard-2
Foodland Balaklava,2025-05-04 23:56:27,5 Gum Blueberry Rush Sugar Free Chewing Gum,32g,was $2.65,$2.55,$7.97 per 100g,https://foodlandbalaklava.com.au//lines/wrig-5-blubry-env-32gm
Foodland Balaklava,2025-05-04 23:56:27,5 Gum Sweet Mint Sugar Free Chewing Gum,96g,N/A,$5.50,$5.73 per 100g,https://foodlandbalaklava.com.au//lines/wrig-5-sweet-mint-3pk-96gm
Foodland Balaklava,2025-05-04 23:56:27,5 Gum Sweet Mint Sugarfree Chewing Gum 12 Pieces,32g,was $2.65,$2.55,$7.97 per 100g,https://foodlandbalaklava.com.au//lines/wrig-5-sweet-mint-env-32gm
Foodland Balaklava,2025-05-04 23:56:27,5 Gum Tropical Splash Sugar Free Chewing Gum,32g,was $2.65,$2.55,$7.97 per 100g,https://foodlandbalaklava.com.au//lines/wrig-5-tropical-env-32g
Foodland Balaklava,2025-05-04 23:56:27,5 Gum Watermelon Burst Sugarfree Chewing Gum 12 Piece,32g,was $2.65,$2.55,$7.97 per 100g,https://foodlandbalaklava.com.au//lines/wrig-5-cool-wmln-env-32gm
Foodland Balaklava,2025-05-04 23:56:27,5 Gum Watermelon Burst Sugarfree Chewing Gum,96g,N/A,$5.50,$5.73 per 100g,https://foodlandbalaklava.com.au//lines/wrig-5-watermelon-3pk-96gm
Foodland Balaklava,2025-05-04 23:56:27,600 Flo X12 Powerade Grape,N/A,N/A,$4.60,$7.67 per L,https://foodlandbalaklava.com.au//lines/powerade-grape-ion4-600ml
Foodland Balaklava,2025-05-04 23:56:27,7up Lemonade Soft Drink Bottle,1.25L,was $3.70,$3.20,$2.56 per L,https://foodlandbalaklava.com.au//lines/seven-up-1-25l
Foodland Balaklava,2025-05-04 23:56:27,A/​Frsh Crustini O/​Oil&​Slt120gm,N/A,was $4.50,$3.90,$3.25 per 100g,https://foodlandbalaklava.com.au//lines/a-frsh-crustini-o-oil-slt120gm
Foodland Balaklava,2025-05-04 23:56:27,A/​Frsh Olives Span Black,450g,N/A,$4.00,$8.89 per kg,https://foodlandbalaklava.com.au//lines/a-frsh-olives-span-black-450gm
Foodland Balaklava,2025-05-04 23:56:27,A/​Lakis Marin Baby Octopus,200g,N/A,$6.29,$3.14 per 100g,https://foodlandbalaklava.com.au//lines/a-lakis-marin-baby-octopus-200gm
Foodland Balaklava,2025-05-04 23:56:27,A/​Park Apricots Sft&​Jcy,225g,N/A,$8.40,$37.33 per kg,https://foodlandbalaklava.com.au//lines/a-park-apricots-sft-jcy-225gm
Foodland Balaklava,2025-05-04 23:56:27,A/​Park Fig Sft&​Jcy,250g,N/A,$5.25,$21.00 per kg,https://foodlandbalaklava.com.au//lines/a-park-fig-sft-jcy-250gm
Foodland Balaklava,2025-05-04 23:56:27,A/​Park Frt Medley Dr Res,375g,N/A,$9.45,$25.20 per kg,https://foodlandbalaklava.com.au//lines/a-park-frt-medley-dr-res-375gm
Foodland Balaklava,2025-05-04 23:56:27,A/​Park Pears Dried,200g,N/A,$6.30,$31.50 per kg,https://foodlandbalaklava.com.au//lines/a-park-pears-dried-200gm-1
Foodland Balaklava,2025-05-04 23:56:27,A/​Park Prunes Med/​Lge Fncy,1kg,N/A,$9.45,$9.45 per kg,https://foodlandbalaklava.com.au//lines/a-park-prunes-med-lge-fncy-1kg
Foodland Balaklava,2025-05-04 23:56:27,A2 Milk Full Cream,2L,N/A,$6.90,$3.45 per L,https://foodlandbalaklava.com.au//lines/a2-milk-full-cream-2l
Foodland Balaklava,2025-05-04 23:56:27,A2 Milk® Full Cream,3L,N/A,$10.40,$3.47 per L,https://foodlandbalaklava.com.au//lines/a2-milk-full-cream-3l
Foodland Balaklava,2025-05-04 23:56:27,A2 Milk® Light,2L,N/A,$6.90,$3.45 per L,https://foodlandbalaklava.com.au//lines/a2-milk-light-2l
Foodland Balaklava,2025-05-04 23:56:27,Abbott's Bakery Light Rye Bread,680g,was $6.50,$5.00,$0.74 per 100g,https://foodlandbalaklava.com.au//lines/abbotts-brd-light-rye-680gm
Foodland Balaklava,2025-05-04 23:56:27,Abbott's Bakery Smooth Oat Bread E,700g,was $6.50,$5.00,$0.71 per 100g,https://foodlandbalaklava.com.au//lines/abbotts-brd-smooth-oat-700g
Foodland Balaklava,2025-05-04 23:56:27,Abbott's Bakery Sourdough Rye Bread,760g,was $6.70,$5.30,$0.70 per 100g,https://foodlandbalaklava.com.au//lines/abbotts-brd-s-dough-rye-760gm
Foodland Balaklava,2025-05-04 23:56:27,Abbott's Bakery Sourdough White Bread,760g,was $6.70,$5.30,$0.70 per 100g,https://foodlandbalaklava.com.au//lines/abbotts-brd-s-dough-wht-760gm
Foodland Balaklava,2025-05-04 23:56:28,Abbott’​S Bakery Abbott's Sourdough Grain And Seeds Bread,500g,N/A,$8.40,$1.68 per 100g,https://foodlandbalaklava.com.au//lines/abbotts-s-d-brd-gfgrn-sd-500gm
Foodland Balaklava,2025-05-04 23:56:28,Abc Chilli Sauce Xtra Hot,335mL,N/A,$3.80,$1.13 per 100mL,https://foodlandbalaklava.com.au//lines/abc-sce-chilli-xtra-hot-335ml
Foodland Balaklava,2025-05-04 23:56:28,Absoft/​Snow White Cotton Balls 200's,N/A,was $2.75,$2.20,$0.01 Each,https://foodlandbalaklava.com.au//lines/absoft-snow-white-cotton-balls-200-s-1
Foodland Balaklava,2025-05-04 23:56:28,Acc House Blend,250g,N/A,$15.50,$6.20 per 100g,https://foodlandbalaklava.com.au//lines/acc-house-blend-250gm-1
Foodland Balaklava,2025-05-04 23:56:28,Activ Expert Alundry Pods,N/A,N/A,$10.95,$0.30 Each,https://foodlandbalaklava.com.au//lines/activ-ex-l-pods-reg-36pk
Foodland Balaklava,2025-05-04 23:56:28,Activ Expert Dish Washer Pods,N/A,N/A,$11.95,$0.27 Each,https://foodlandbalaklava.com.au//lines/activ-ex-d-wsh-pods-45s
Foodland Balaklava,2025-05-04 23:56:28,Activ Expert Laundry Liquid,2L,N/A,$6.20,$3.10 per L,https://foodlandbalaklava.com.au//lines/activ-ex-l-liq-expert-2l
Foodland Balaklava,2025-05-04 23:56:28,Active Expert Sensitive,2L,N/A,$6.50,$3.25 per L,https://foodlandbalaklava.com.au//lines/activ-ex-l-liq-sensitive-2l
Foodland Balaklava,2025-05-04 23:56:28,Adelaide Coffee Culture Signature Blend Beans,250g,N/A,$15.50,$6.20 per 100g,https://foodlandbalaklava.com.au//lines/acc-signature-blend-250g-1
Foodland Balaklava,2025-05-04 23:56:28,Admiral Lychees In Syrup,565g,N/A,$5.90,$10.44 per kg,https://foodlandbalaklava.com.au//lines/admir-lychees-in-syrup-565gm
Foodland Balaklava,2025-05-04 23:56:28,Admiral Mandarin Segments,310g,was $2.35,$1.95,$6.29 per kg,https://foodlandbalaklava.com.au//lines/admir-mandarin-segments-310gm
Foodland Balaklava,2025-05-04 23:56:28,Adult Natural Straw Hat,N/A,N/A,$12.00,N/A,https://foodlandbalaklava.com.au//lines/xmas-hat-straw-adult
Foodland Balaklava,2025-05-04 23:56:28,Adults Knitted Hat W Thin Lini,N/A,N/A,$6.00,N/A,https://foodlandbalaklava.com.au//lines/hat-unisex-wknit-thinsulate
Foodland Balaklava,2025-05-04 23:56:28,Advil Kids Advil Children Pain & Fever Relief Raspberry Chewable Tablets 20s,N/A,was $12.10,$8.95,$0.45 Each,https://foodlandbalaklava.com.au//lines/advil-pain-fvr-7-12y-chew-20s
Foodland Balaklava,2025-05-04 23:56:28,"Advil Liquid Capsules For Fast & Effective Pain Relief, 200mg Ibuprofen 10 Pack",N/A,was $3.70,$3.00,$0.30 Each,https://foodlandbalaklava.com.au//lines/advil-liquid-caps-200mg-10s
Foodland Balaklava,2025-05-04 23:56:28,"Advil Liquid Capsules For Fast & Effective Pain Relief, 200mg Ibuprofen 20 Pack",N/A,was $6.55,$5.65,$0.28 Each,https://foodlandbalaklava.com.au//lines/advil-liquid-caps-20s
Foodland Balaklava,2025-05-04 23:56:28,Advil Minis Liquid Capsules 20s,N/A,N/A,$7.35,$0.37 Each,https://foodlandbalaklava.com.au//lines/advil-minis-liquid-caps-20s
Foodland Balaklava,2025-05-04 23:56:28,Advil Tablets 200mg Ibuprofen 24 Pack,N/A,was $5.50,$5.00,$0.21 Each,https://foodlandbalaklava.com.au//lines/advil-tablets-24s
Foodland Balaklava,2025-05-04 23:56:28,Aero Jelly Cool Lime,85g,N/A,$1.80,$2.12 per 100g,https://foodlandbalaklava.com.au//lines/aero-jelly-cool-lime-85gm
Foodland Balaklava,2025-05-04 23:56:28,Aero Jelly Juicy Pineapple,85g,N/A,$1.80,$2.12 per 100g,https://foodlandbalaklava.com.au//lines/aero-jelly-jcy-pineapple-85gm
Foodland Balaklava,2025-05-04 23:56:28,Aero Jelly Lemon,85g,N/A,$1.80,$2.12 per 100g,https://foodlandbalaklava.com.au//lines/aero-jelly-lemon-85gm
Foodland Balaklava,2025-05-04 23:56:28,Aero Jelly Lite Grape,2 x 9g,N/A,$2.70,$15.00 per 100g,https://foodlandbalaklava.com.au//lines/aero-jelly-lite-grape-2x9gm-1
Foodland Balaklava,2025-05-04 23:56:28,Aero Jelly Lite Port 2x9gm2.,N/A,N/A,$2.70,$15.00 per 100g,https://foodlandbalaklava.com.au//lines/aero-jelly-lite-port-2x9gm
Foodland Balaklava,2025-05-04 23:56:28,Aero Jelly Mango Mania,85g,N/A,$1.80,$2.12 per 100g,https://foodlandbalaklava.com.au//lines/aero-jelly-mango-mania-85gm
Foodland Balaklava,2025-05-04 23:56:28,Aerogard Body Heavy Duty 40% Deet Insect Repellent Aerosol Spray,150g,N/A,$18.40,$12.27 per 100g,https://foodlandbalaklava.com.au//lines/aerogard-aero-40-deet-150gm
Foodland Balaklava,2025-05-04 23:56:28,Aerogard Body Odourless Protection Insect Repellent Aerosol Spray,150g,N/A,$12.60,$8.40 per 100g,https://foodlandbalaklava.com.au//lines/aerogard-o-less-spray-150gm
Foodland Balaklava,2025-05-04 23:56:28,Aerogard Body Odourless Protection Insect Repellent Aerosol Spray Value Pack,300g,was $15.75,$13.50,$4.50 per 100g,https://foodlandbalaklava.com.au//lines/aerogard-o-less-aero-300gm
Foodland Balaklava,2025-05-04 23:56:28,Aerogard Body Tropical Strength Insect Repellent Aerosol Spray Value Pack,300g,was $15.75,$13.50,$4.50 per 100g,https://foodlandbalaklava.com.au//lines/aerogard-trop-strngth-300gm
Foodland Balaklava,2025-05-04 23:56:28,Aerogard Home Crawling Insect Killer,300mL,N/A,$14.70,$4.90 per 100mL,https://foodlandbalaklava.com.au//lines/aerogard-home-crawl-kill-300ml
Foodland Balaklava,2025-05-04 23:56:28,Aerogard Home Flying Insect Killer,300mL,N/A,$12.10,$4.03 per 100mL,https://foodlandbalaklava.com.au//lines/aerogard-home-flying-kill300ml
Foodland Balaklava,2025-05-04 23:56:28,Aerogard Tropical Strength Insect Repellent Aerosol Spray,150g,N/A,$12.60,$8.40 per 100g,https://foodlandbalaklava.com.au//lines/aerogard-tropical-reg-150gm
Foodland Balaklava,2025-05-04 23:56:28,Aerogard Tropical Strength Insect Repellent Roll On,50mL,N/A,$9.45,$18.90 per 100mL,https://foodlandbalaklava.com.au//lines/aerogard-r-on-tropical-50ml
Foodland Balaklava,2025-05-04 23:56:28,Aeroplane Blueberry Flavoured Jelly Lite,18g,N/A,$2.70,$15.00 per 100g,https://foodlandbalaklava.com.au//lines/aero-jelly-lite-b-berry-2x9gm
Foodland Balaklava,2025-05-04 23:56:28,Aeroplane Creamy Mousse Mix Chocolate Flavour,65g,N/A,$3.00,$4.62 per 100g,https://foodlandbalaklava.com.au//lines/aeroplane-mousse-mix-choc-65gm
Foodland Balaklava,2025-05-04 23:56:28,Aeroplane Mango Passionfruit Lite Jelly,18g,N/A,$2.70,$15.00 per 100g,https://foodlandbalaklava.com.au//lines/aero-jelly-lite-mgo-passn2x9gm
Foodland Balaklava,2025-05-04 23:56:28,Aeroplane Orange Mango Lite Jelly 2.​0x9g,N/A,N/A,$2.70,$15.00 per 100g,https://foodlandbalaklava.com.au//lines/aero-jelly-lite-org-mango2x9gm
Foodland Balaklava,2025-05-04 23:56:28,Aeroplane Ready To Eat Blackcurrant Jelly,120g,was $1.90,$1.75,$1.46 per 100g,https://foodlandbalaklava.com.au//lines/aero-jelly-rte-blck-curr-120gm
Foodland Balaklava,2025-05-04 23:56:28,Aeroplane Sourz Jelly Blue Raspberry,85g,N/A,$2.00,$2.35 per 100g,https://foodlandbalaklava.com.au//lines/aero-jelly-sr-blue-rasp-85g
Foodland Balaklava,2025-05-04 23:56:28,Aeroplane Sourz Jelly Green Apple,85g,N/A,$2.00,$2.35 per 100g,https://foodlandbalaklava.com.au//lines/aero-jelly-sr-grn-apple-85g
Foodland Balaklava,2025-05-04 23:56:28,Aeroplane Sourz Jelly Peach Fizz,85g,N/A,$2.00,$2.35 per 100g,https://foodlandbalaklava.com.au//lines/aero-jelly-sr-peach-fuzz-85g
Foodland Balaklava,2025-05-04 23:56:28,Aeroplane Sourz Jelly Purple Grape,85g,N/A,$2.00,$2.35 per 100g,https://foodlandbalaklava.com.au//lines/aero-jelly-sr-purple-grape-85g
Foodland Balaklava,2025-05-04 23:56:28,Afl Team Collector Album,N/A,N/A,$12.99,N/A,https://foodlandbalaklava.com.au//lines/afl-team-collector-album
Foodland Balaklava,2025-05-04 23:56:28,Afl Teamcoach Footy Card Pack,N/A,N/A,$3.99,N/A,https://foodlandbalaklava.com.au//lines/afl-teamcoach-footy-card-pack-2
Foodland Balaklava,2025-05-04 23:56:28,Air Wick Air Freshener Spray Frangipani & Mango,237g,N/A,$3.70,$1.56 per 100g,https://foodlandbalaklava.com.au//lines/a-wick-aero-frang-mngo-237gm
Foodland Balaklava,2025-05-04 23:56:28,Air Wick Air Freshener Spray Lavender,237g,N/A,$3.70,$1.56 per 100g,https://foodlandbalaklava.com.au//lines/a-wick-aero-lavender-237gm
Foodland Balaklava,2025-05-04 23:56:28,Air Wick Air Freshener Spray Vanilla,237g,N/A,$3.70,$1.56 per 100g,https://foodlandbalaklava.com.au//lines/a-wick-aero-vanilla-237gm
Foodland Balaklava,2025-05-04 23:56:28,Air Wick Essential Oil Refill Sea Mist And Blue Minerals,19mL,N/A,$14.70,$38.68 per 100mL,https://foodlandbalaklava.com.au//lines/a-wick-ess-oil-af-sea-rf2x19ml
Foodland Balaklava,2025-05-04 23:56:28,Air Wick Essential Oil Vanilla & Soft Cashmere Automatic Spray Starter Kit,174g,was $23.10,$15.00,$8.62 per 100g,https://foodlandbalaklava.com.au//lines/a-wick-ess-oil-van-cshmr-174gm
Foodland Balaklava,2025-05-04 23:56:29,Air Wick Essential Oils Candle Mountain Berry Blossom,105g,was $8.40,$5.00,$4.76 per 100g,https://foodlandbalaklava.com.au//lines/a-wick-ess-oil-cndl-bry-105gm
Foodland Balaklava,2025-05-04 23:56:29,Air Wick Essential Oils Candle Tropical Mango,105g,was $8.40,$5.00,$4.76 per 100g,https://foodlandbalaklava.com.au//lines/a-wick-ess-oil-cndl-mng-105gm
Foodland Balaklava,2025-05-04 23:56:29,Air Wick Essential Oils Candle Vanilla & Soft Cashmere,105g,was $8.40,$5.00,$4.76 per 100g,https://foodlandbalaklava.com.au//lines/a-wick-ess-oil-cndl-van-105gm
Foodland Balaklava,2025-05-04 23:56:29,Air Wick Essential Oils Reed Diffuser Turquoise Oasis,30mL,was $14.70,$9.50,$31.67 per 100mL,https://foodlandbalaklava.com.au//lines/a-wick-l-s-reed-t-oasis-30ml
Foodland Balaklava,2025-05-04 23:56:29,Air Wick Freshmatic Frangipani Air Freshener Refill,174g,N/A,$11.55,$6.64 per 100g,https://foodlandbalaklava.com.au//lines/a-wick-fm-ess-oil-fran-rf174gm
Foodland Balaklava,2025-05-04 23:56:29,Air Wick Freshmatic Lavender Air Freshener Refill,174g,N/A,$11.55,$6.64 per 100g,https://foodlandbalaklava.com.au//lines/a-wick-fm-ess-oil-lav-rf-174gm
Foodland Balaklava,2025-05-04 23:56:29,Air Wick Freshmatic Vanilla & Soft Cashmere Refill,157g,N/A,$11.55,$6.64 per 100g,https://foodlandbalaklava.com.au//lines/a-wick-fm-ess-oil-van-rf-174gm
Foodland Balaklava,2025-05-04 23:56:29,Air Wick Odour Neutralising Room Spray Cool Raspberries & Lime,236mL,N/A,$8.40,$3.56 per 100mL,https://foodlandbalaklava.com.au//lines/a-wick-o-n-spry-rasp-lime-236ml
Foodland Balaklava,2025-05-04 23:56:29,Air Wick Odour Neutralising Room Spray Fresh Dew & Jasmine,236mL,N/A,$8.40,$3.56 per 100mL,https://foodlandbalaklava.com.au//lines/a-wick-o-n-spry-dew-jasm-236ml
Foodland Balaklava,2025-05-04 23:56:29,Air Wick Pure Aerosol Air Freshener Soft Cotton,159g,N/A,$8.40,$5.28 per 100g,https://foodlandbalaklava.com.au//lines/a-wick-pure-soft-cotton-159gm
Foodland Balaklava,2025-05-04 23:56:29,Air Wick Pure Aerosol Air Freshener Spring Delight,159g,N/A,$8.40,$5.28 per 100g,https://foodlandbalaklava.com.au//lines/a-wick-pure-sprng-delit-159gm
Foodland Balaklava,2025-05-04 23:56:29,Air Wick Pure Cherry Blossom Automatic Spray Starter Kit,157g,N/A,$23.10,$14.71 per 100g,https://foodlandbalaklava.com.au//lines/a-wick-pure-fmatic-chry-157gm
Foodland Balaklava,2025-05-04 23:56:29,Air Wick Pure Freshmatic Cherry Blossom Air Freshener Refill,157g,N/A,$11.55,$7.36 per 100g,https://foodlandbalaklava.com.au//lines/a-wick-fm-pure-chr-bls-rf157gm
Foodland Balaklava,2025-05-04 23:56:29,Air Wick Pure Freshmatic Spring Delight Air Freshener Refill,157g,N/A,$11.55,$7.36 per 100g,https://foodlandbalaklava.com.au//lines/a-wick-fm-pure-s-dlte-rf-157gm
Foodland Balaklava,2025-05-04 23:56:29,Air Wick Pure Scented Oil Diffuser & Refill Cherry Blossom,19mL,N/A,$14.70,N/A,https://foodlandbalaklava.com.au//lines/a-wick-pure-chy-bls-prm-19ml
Foodland Balaklava,2025-05-04 23:56:29,Air Wick Pure Scented Oil Diffuser & Refill Spring Delight,19mL,N/A,$14.70,N/A,https://foodlandbalaklava.com.au//lines/a-wick-pure-sprng-del-prm-19ml
Foodland Balaklava,2025-05-04 23:56:29,Air Wick Reed Diffuser Freesia & Jasmine,50mL,N/A,$14.70,N/A,https://foodlandbalaklava.com.au//lines/a-wick-reed-dif-frs-jasmn-50ml
Foodland Balaklava,2025-05-04 23:56:29,Air Wick Reed Diffuser Midnight Blackberry & Vanilla Silk,50mL,N/A,$14.70,$29.40 per 100mL,https://foodlandbalaklava.com.au//lines/a-wick-reed-dif-b-bry-van-50ml
Foodland Balaklava,2025-05-04 23:56:29,Air Wick Refill Pure Liquid Electric Cherry Blossom,21mL,N/A,$14.70,N/A,https://foodlandbalaklava.com.au//lines/a-wick-pure-chy-bls-rf-2x19ml
Foodland Balaklava,2025-05-04 23:56:29,Air Wick Scented Oil Diffuser & Refill Turquoise Oasis,19mL,was $14.70,$9.00,N/A,https://foodlandbalaklava.com.au//lines/a-wick-l-s-lf-pr-t-oasis-19ml
Foodland Balaklava,2025-05-04 23:56:29,Air Wick Scented Oil Diffuser & Refill Vanilla & Soft Cashmere,21mL,was $14.70,$9.00,N/A,https://foodlandbalaklava.com.au//lines/a-wick-elec-van-cshmr-prm-21ml
Foodland Balaklava,2025-05-04 23:56:29,Air Wick Scented Oil Fragrance Refill Lavender,19mL,N/A,$18.90,$33.16 per 100mL,https://foodlandbalaklava.com.au//lines/a-wick-ess-oil-el-lav-rf3x19ml
Foodland Balaklava,2025-05-04 23:56:29,Air Wick Scented Oil Fragrance Refill Turquoise Oasis,19mL,N/A,$18.90,$30.00 per 100mL,https://foodlandbalaklava.com.au//lines/a-wick-ess-oil-el-tur-rf3x19ml
Foodland Balaklava,2025-05-04 23:56:29,Air Wick Scented Oil Fragrance Refill Vanilla & Soft Cashmere,21mL,N/A,$14.70,N/A,https://foodlandbalaklava.com.au//lines/a-wick-elec-van-orchd-twn-42ml
Foodland Balaklava,2025-05-04 23:56:29,Air Wick Scented Oil Fragrance Refill Vanilla & Soft Cashmere,21mL,N/A,$18.90,$30.00 per 100mL,https://foodlandbalaklava.com.au//lines/a-wick-ess-oil-el-van-rf3x21ml
Foodland Balaklava,2025-05-04 23:56:29,"Ajax Cream Cleanser, , Baking Soda And Citrus Extracts, Kitchen And Bathroom Cleaner, Tough On Grime",375mL,was $4.45,$3.95,$1.05 per 100mL,https://foodlandbalaklava.com.au//lines/ajax-crm-clnr-baking-soda375ml
Foodland Balaklava,2025-05-04 23:56:29,"Ajax Hospital Grade Antibacterial Disinfectant Multipurpose Cleaner, , Lemon Cleanse Surface Spray",500mL,was $6.30,$4.50,$9.00 per L,https://foodlandbalaklava.com.au//lines/ajax-disin-clnr-lem-trg-500ml
Foodland Balaklava,2025-05-04 23:56:29,"Ajax Multi Surface Floor Cleaner, , Baking Soda And Citrus, Stone Safe, Removes Grease And Grime",750mL,was $4.20,$4.00,$0.53 per 100mL,https://foodlandbalaklava.com.au//lines/ajax-floor-cleaner-b-soda750ml
Foodland Balaklava,2025-05-04 23:56:29,"Ajax Multi Surface Floor Cleaner, , Lemon Citrus, Floorboard Safe",750mL,was $4.20,$4.00,$0.53 per 100mL,https://foodlandbalaklava.com.au//lines/ajax-floor-cleaner-lemon-750ml
Foodland Balaklava,2025-05-04 23:56:29,"Ajax Spray N' Wipe Multi-Purpose Cleaner Refill, Value Pack , Lemon Citrus, Antibacterial Disinfectant",750mL,was $4.40,$4.00,$0.53 per 100mL,https://foodlandbalaklava.com.au//lines/ajax-s-wpe-lemon-rf-750ml
Foodland Balaklava,2025-05-04 23:56:29,"Ajax Spray N' Wipe Multi-Purpose Cleaner Trigger, Antibacterial Disinfectant, , Lavender & Citrus",500mL,was $4.15,$3.50,$0.70 per 100mL,https://foodlandbalaklava.com.au//lines/ajax-s-wpe-lav-citrus-trg500ml
Foodland Balaklava,2025-05-04 23:56:29,"Ajax Spray N' Wipe Multi-Purpose Kitchen Cleaner Trigger, , Baking Soda & Citrus Surface Spray, Stone Safe",500mL,was $4.15,$3.50,$0.70 per 100mL,https://foodlandbalaklava.com.au//lines/ajax-s-wpe-bakng-soda-trg500ml
Foodland Balaklava,2025-05-04 23:56:29,"Ajax Spray N' Wipe Multipurpose Cleaner Refill, Vanilla & Berries, , Trigger Surface Refill",750mL,was $4.40,$4.00,$5.33 per L,https://foodlandbalaklava.com.au//lines/ajax-s-wpe-van-berry-rf-750ml
Foodland Balaklava,2025-05-04 23:56:29,Ajitas Vege Chips Natural Gluten Free,100g,was $5.15,$2.45,$2.45 per 100g,https://foodlandbalaklava.com.au//lines/ajitas-veg-chips-natural-100gm
Foodland Balaklava,2025-05-04 23:56:29,Ajitas Vege Chips Sea Salt And Vinegar Gluten Free,100g,was $5.15,$2.45,$2.45 per 100g,https://foodlandbalaklava.com.au//lines/ajitas-veg-chip-slt-vine-100gm
Foodland Balaklava,2025-05-04 23:56:29,Ajitas Vege Deli Crisps Original Blend,100g,was $6.85,$3.25,$3.25 per 100g,https://foodlandbalaklava.com.au//lines/vege-del-crsp-original-100gm
Foodland Balaklava,2025-05-04 23:56:29,Ajitas Vege Deli Crisps Purple Sweet Potato,100g,was $6.85,$3.25,$3.25 per 100g,https://foodlandbalaklava.com.au//lines/veg-deli-crsp-p-swt-pot-100gm
Foodland Balaklava,2025-05-04 23:56:29,Ajitas Vege Deli Crisps Yellow Sweet Potato,100g,was $6.85,$3.25,$3.25 per 100g,https://foodlandbalaklava.com.au//lines/vege-del-crsp-y-swt-pot-100gm
Foodland Balaklava,2025-05-04 23:56:29,Alfa One 100% Pure Rice Bran Oil,3L,was $23.95,$16.50,$0.55 per 100mL,https://foodlandbalaklava.com.au//lines/alfa-rice-bran-oil-3lt
Foodland Balaklava,2025-05-04 23:56:29,Alfa One Rice Bran Oil,500mL,N/A,$5.80,$1.16 per 100mL,https://foodlandbalaklava.com.au//lines/alfa-one-oil-rice-bran500m
Foodland Balaklava,2025-05-04 23:56:29,All Cool Ice Towel In Container,N/A,N/A,$12.99,N/A,https://foodlandbalaklava.com.au//lines/all-cool-ice-towel-in-container
Foodland Balaklava,2025-05-04 23:56:29,All Natural Bakery Oat Slice Almond & Apricot 6 Slices,240g,N/A,$7.50,$3.12 per 100g,https://foodlandbalaklava.com.au//lines/oat-slice-almond-apricot-6pk-240gm
Foodland Balaklava,2025-05-04 23:56:29,All Natural Bakery Oat Slice Yoghurt Almond Apricot,100g,N/A,$3.80,$3.80 per 100g,https://foodlandbalaklava.com.au//lines/oat-slice-ygt-apr-alm-100g
Foodland Balaklava,2025-05-04 23:56:29,Allen's Berry Bunch Soft Jellies,12 x 160g,was $5.25,$3.50,$2.19 per 100g,https://foodlandbalaklava.com.au//lines/allens-berry-bunch-160g
Foodland Balaklava,2025-05-04 23:56:29,Allen's Big Red Frogs,420g,was $6.85,$5.80,$1.38 per 100g,https://foodlandbalaklava.com.au//lines/allens-big-red-frogs-420gm
Foodland Balaklava,2025-05-04 23:56:29,Allen's Black Cats Lollies Bag,170g,was $5.25,$3.50,$2.06 per 100g,https://foodlandbalaklava.com.au//lines/allens-black-cats-170gm
Foodland Balaklava,2025-05-04 23:56:29,Allen's Freckles Milk Choc Bag,160g,was $6.30,$5.15,$3.22 per 100g,https://foodlandbalaklava.com.au//lines/allens-freckles-choc-160gm
Foodland Balaklava,2025-05-04 23:56:29,Allen's Inspired By Monopoly,160mL,was $5.25,$3.50,$2.19 per 100g,https://foodlandbalaklava.com.au//lines/allens-monopoly-160g
Foodland Balaklava,2025-05-04 23:56:30,Allen's Kool Mints Lollies Bag,140g,was $5.25,$3.50,$2.50 per 100g,https://foodlandbalaklava.com.au//lines/allens-kool-mints-140gm
Foodland Balaklava,2025-05-04 23:56:30,Allen's Peaches And Cream,170g,was $5.25,$3.50,$2.06 per 100g,https://foodlandbalaklava.com.au//lines/allens-peaches-crm-170g
Foodland Balaklava,2025-05-04 23:56:30,Allen's Sweet & Sour Killer Pythons,192g,was $5.25,$3.50,$1.82 per 100g,https://foodlandbalaklava.com.au//lines/allens-killer-python-s-s-192g
Foodland Balaklava,2025-05-04 23:56:30,Ally Pink Salmon,210g,was $6.10,$5.00,$23.81 per kg,https://foodlandbalaklava.com.au//lines/ally-salmon-pink-210gm
Foodland Balaklava,2025-05-04 23:56:30,Aloe Mate Aloe Mango,500mL,N/A,$3.45,$6.90 per L,https://foodlandbalaklava.com.au//lines/aloe-mate-drk-aloe-mango-500ml
Foodland Balaklava,2025-05-04 23:56:30,Aloe Mate Aloe Vera Original,1.5L,N/A,$5.25,$3.50 per L,https://foodlandbalaklava.com.au//lines/aloe-mate-drk-aloe-orig-1-5l
Foodland Balaklava,2025-05-04 23:56:30,Alt Party Cups Multi Colour,75g,N/A,$5.75,$0.27 Each,https://foodlandbalaklava.com.au//lines/altimate-21-cups-mult-col-75gm
Foodland Balaklava,2025-05-04 23:56:30,Altimate Caramel Waffle Cone,170g,was $8.30,$6.70,$3.94 per 100g,https://foodlandbalaklava.com.au//lines/altimate-slt-crml-cones-12pk
Foodland Balaklava,2025-05-04 23:56:30,Altimate Ice Cream Wafers,80g,N/A,$4.75,$5.94 per 100g,https://foodlandbalaklava.com.au//lines/altimate-ice-cream-wafers-80gm
Foodland Balaklava,2025-05-04 23:56:30,Altimate Nat Waffle Cone Lg12s,N/A,N/A,$7.20,$0.60 Each,https://foodlandbalaklava.com.au//lines/altimate-nat-waffle-cone-lg12s
Foodland Balaklava,2025-05-04 23:56:30,Alula Original Stage 1 Newborn Infant Formula 0-6 Months,900g,was $27.85,$20.00,$2.22 per 100g,https://foodlandbalaklava.com.au//lines/alu-s26-orig-stage-1-form-900g
Foodland Balaklava,2025-05-04 23:56:30,Alula Original Stage 2 Follow-On Formula 6-12 Months,900g,was $27.85,$20.00,$2.22 per 100g,https://foodlandbalaklava.com.au//lines/alula-orig-frml-stage-2-900gm
Foodland Balaklava,2025-05-04 23:56:30,Alula Original Stage 3 Toddler Nutritious Milk Drink 1 Year+,900g,was $23.65,$19.05,$2.12 per 100g,https://foodlandbalaklava.com.au//lines/alula-orig-frml-stage-3-900gm
Foodland Balaklava,2025-05-04 23:56:30,Always Discreet Extra Long 20 Liners For Bladder Leaks And Adult Incontinence,N/A,N/A,$7.90,$0.40 Each,https://foodlandbalaklava.com.au//lines/a-discreet-liner-plus-20s
Foodland Balaklava,2025-05-04 23:56:30,Always Discreet Normal 12 Pads For Bladder Leaks And Adult Incontinence,N/A,N/A,$9.45,N/A,https://foodlandbalaklava.com.au//lines/a-discreet-pad-normal-12s
Foodland Balaklava,2025-05-04 23:56:30,Always Fresh Cucmuber Chilli,350g,N/A,$4.85,$13.86 per kg,https://foodlandbalaklava.com.au//lines/a-frsh-cucmber-chilli-350gm
Foodland Balaklava,2025-05-04 23:56:30,Always Fresh Grissini Sesame Seed Salt,125g,was $4.75,$3.70,$2.96 per 100g,https://foodlandbalaklava.com.au//lines/a-frsh-grissini-seed-salt125gm
Foodland Balaklava,2025-05-04 23:56:30,Always Fresh Kalamata Olives Sliced,220g,N/A,$6.30,$28.64 per kg,https://foodlandbalaklava.com.au//lines/a-frsh-olives-k-mata-slcd220gm
Foodland Balaklava,2025-05-04 23:56:30,Always Fresh Marinated Artichoke Hearts,230g,N/A,$3.70,$16.09 per kg,https://foodlandbalaklava.com.au//lines/a-frsh-artichoke-hrts-mar230gm
Foodland Balaklava,2025-05-04 23:56:30,Always Fresh Marinated Crisp Asparagus,340g,was $5.90,$4.10,$12.06 per kg,https://foodlandbalaklava.com.au//lines/a-frsh-asparagus-mrnt-cr-340gm
Foodland Balaklava,2025-05-04 23:56:30,Always Fresh Mushroom Marinated Herbs,275g,N/A,$4.85,$21.09 per kg,https://foodlandbalaklava.com.au//lines/a-frsh-mroom-marinat-hrb-230gm
Foodland Balaklava,2025-05-04 23:56:30,Always Fresh Olives Kalamata Pitted,220g,N/A,$6.30,$28.64 per kg,https://foodlandbalaklava.com.au//lines/a-frsh-olives-k-mata-ptd-220gm
Foodland Balaklava,2025-05-04 23:56:30,Always Fresh Olives Pitted Kalamata,425g,N/A,$9.05,$21.29 per kg,https://foodlandbalaklava.com.au//lines/a-frsh-olives-k-mata-ptd-425gm
Foodland Balaklava,2025-05-04 23:56:30,Always Fresh Olives Stuffed Garlic 230,230g,N/A,$6.30,$27.39 per kg,https://foodlandbalaklava.com.au//lines/a-frsh-olives-stufd-garl-230gm
Foodland Balaklava,2025-05-04 23:56:30,Always Fresh Piquillo,285g,N/A,$3.90,$13.68 per kg,https://foodlandbalaklava.com.au//lines/a-fresh-peppers-piquillo-285gm
Foodland Balaklava,2025-05-04 23:56:30,Always Fresh Pitted Kalamata Olives,670g,was $9.85,$8.40,$12.54 per kg,https://foodlandbalaklava.com.au//lines/a-frsh-ptd-olives-ka-mata-670g
Foodland Balaklava,2025-05-04 23:56:30,Always Fresh Polski Ogorki Cucumbers,680g,was $4.85,$3.60,$5.29 per kg,https://foodlandbalaklava.com.au//lines/a-frsh-polski-ogorki-680gm
Foodland Balaklava,2025-05-04 23:56:30,Always Fresh Sauerkraut Polish,460g,N/A,$4.00,$8.70 per kg,https://foodlandbalaklava.com.au//lines/a-frsh-sauerkraut-polish-460gm
Foodland Balaklava,2025-05-04 23:56:30,Always Fresh Spanish Stuffed Olives,450g,N/A,$4.80,$10.67 per kg,https://foodlandbalaklava.com.au//lines/a-frsh-olives-span-stuff-450gm
Foodland Balaklava,2025-05-04 23:56:30,Always Fresh Sweet & Sour Cucumbers,680g,was $4.85,$3.60,$5.29 per kg,https://foodlandbalaklava.com.au//lines/a-frsh-cucumber-swt-sour-680gm
Foodland Balaklava,2025-05-04 23:56:30,Always Fresh Tomato Sun Dried Halves,220g,N/A,$5.05,$22.95 per kg,https://foodlandbalaklava.com.au//lines/a-frsh-tomato-s-drd-hlvs-220gm
Foodland Balaklava,2025-05-04 23:56:30,Always Fresh Whole Roasted Red Peppers,330g,N/A,$5.80,$17.58 per kg,https://foodlandbalaklava.com.au//lines/a-frsh-pepp-red-rst-whole330gm
Foodland Balaklava,2025-05-04 23:56:30,Ambi Pur Air Freshener Aerosol Spray Thai Dragon Fruit,185g,N/A,$9.45,$5.11 per 100g,https://foodlandbalaklava.com.au//lines/ambi-pur-air-eff-dragnfrt185gm
Foodland Balaklava,2025-05-04 23:56:30,Ambi Pur Bathroom Fresh Refreshing Soap Air Freshener,6mL,N/A,$10.00,$166.67 per 100mL,https://foodlandbalaklava.com.au//lines/ambi-pur-t-frs-refrsh-soap-6ml
Foodland Balaklava,2025-05-04 23:56:30,Ambi Pur Car Mini Clip Car Air Freshener Sky Breeze,2mL,N/A,$6.30,N/A,https://foodlandbalaklava.com.au//lines/ambi-pur-car-v-clp-sky-brz-2ml
Foodland Balaklava,2025-05-04 23:56:30,Ambi Pur Car Premium Clip Car Air Freshener Vanilla Voyage,7.5mL,N/A,$9.25,N/A,https://foodlandbalaklava.com.au//lines/ambi-pur-car-s-kit-v-voy-7-5ml
Foodland Balaklava,2025-05-04 23:56:30,Anchor Baking Powder #​125gm,N/A,N/A,$2.80,$2.24 per 100g,https://foodlandbalaklava.com.au//lines/anchor-baking-powder-125gm
Foodland Balaklava,2025-05-04 23:56:30,Anchor White Spirit Vinegar,2L,N/A,$4.20,$0.21 per 100mL,https://foodlandbalaklava.com.au//lines/anchor-vinegar-white-spirit-2l
Foodland Balaklava,2025-05-04 23:56:30,Angas Park Apples Dried,200g,N/A,$5.55,$27.75 per kg,https://foodlandbalaklava.com.au//lines/a-park-apples-dried-200gm
Foodland Balaklava,2025-05-04 23:56:30,Angas Park Apricot Fancy,200g,was $9.45,$6.70,$33.50 per kg,https://foodlandbalaklava.com.au//lines/a-park-apricots-fancy-lge200gm
Foodland Balaklava,2025-05-04 23:56:30,Angas Park Cranberry Soft & Juicy,140g,was $5.25,$3.60,$25.71 per kg,https://foodlandbalaklava.com.au//lines/a-park-cranberry-sft-jcy-140gm
Foodland Balaklava,2025-05-04 23:56:30,Angas Park Dates Pitted,500g,N/A,$5.80,$11.60 per kg,https://foodlandbalaklava.com.au//lines/a-park-dates-pitted-r-s-500gm
Foodland Balaklava,2025-05-04 23:56:30,Angas Park Mixed Peel,200g,N/A,$3.90,$19.50 per kg,https://foodlandbalaklava.com.au//lines/a-park-mixed-peel-cello-200gm-1
Foodland Balaklava,2025-05-04 23:56:30,Angas Park Peaches,200g,N/A,$6.60,$33.00 per kg,https://foodlandbalaklava.com.au//lines/a-park-peaches-200gm
Foodland Balaklava,2025-05-04 23:56:30,Angas Park Pitted Prunes,250g,N/A,$6.20,$24.80 per kg,https://foodlandbalaklava.com.au//lines/a-park-prunes-pitted-250gm
Foodland Balaklava,2025-05-04 23:56:30,Angas Park Prunes,375g,N/A,$5.05,$13.47 per kg,https://foodlandbalaklava.com.au//lines/a-park-prunes-large-fancy375gm
Foodland Balaklava,2025-05-04 23:56:30,Angas Park Prunes Pitted,1kg,N/A,$14.70,$14.70 per kg,https://foodlandbalaklava.com.au//lines/a-park-prunes-pitted-1kg
Foodland Balaklava,2025-05-04 23:56:30,Angas Park Prunes Pitted,500g,N/A,$9.45,$18.90 per kg,https://foodlandbalaklava.com.au//lines/a-park-prunes-pitted-500gm
Foodland Balaklava,2025-05-04 23:56:31,Angas Park Prunes Soft&​Juicy,250g,N/A,$5.80,$23.20 per kg,https://foodlandbalaklava.com.au//lines/a-park-prunes-soft-juicy-250gm
Foodland Balaklava,2025-05-04 23:56:31,Angelakis Bros Marinated Calamari,200g,N/A,$6.29,$3.14 per 100g,https://foodlandbalaklava.com.au//lines/a-lakis-marin-calamari-200gm
Foodland Balaklava,2025-05-04 23:56:31,Annabel Karmal Annabel Karmel Little Meals Beef Cottage Pie,200g,N/A,$3.90,$1.95 per 100g,https://foodlandbalaklava.com.au//lines/a-karmel-pie-cottage-200gm
Foodland Balaklava,2025-05-04 23:56:31,Annabel Karmal Annabel Karmel Little Meals Bolognese Pasta Bake,200g,N/A,$3.90,$1.95 per 100g,https://foodlandbalaklava.com.au//lines/a-karmel-psta-bake-bol-200gm
Foodland Balaklava,2025-05-04 23:56:31,Annabel Karmal Annabel Karmel Little Meals Macaroni Cheese,200g,N/A,$3.90,$1.95 per 100g,https://foodlandbalaklava.com.au//lines/a-karmel-macaroni-cheese-200gm
Foodland Balaklava,2025-05-04 23:56:31,Annabel Karmal Annabel Karmel Little Meals Mild Butter Chicken & Rice,200g,N/A,$3.90,$1.95 per 100g,https://foodlandbalaklava.com.au//lines/a-karmel-butter-chkn-rice200gm
Foodland Balaklava,2025-05-04 23:56:31,Annalisa Chick Peas,400g,N/A,$2.00,$5.00 per kg,https://foodlandbalaklava.com.au//lines/annalisa-chick-peas-400g-1
Foodland Balaklava,2025-05-04 23:56:31,Ansell Gloves Silverlined X-Large Size 10 1 Pair,N/A,was $3.80,$2.95,N/A,https://foodlandbalaklava.com.au//lines/ansell-glove-pnk-sline-xl-1pr
Foodland Balaklava,2025-05-04 23:56:31,Ansell Lifestyles Skyn Non Latex Condoms Original 10pk,N/A,N/A,$12.60,$1.26 Each,https://foodlandbalaklava.com.au//lines/ansell-condom-l-styl-skyn-10s
Foodland Balaklava,2025-05-04 23:56:31,Ant Kill Ready to Use Brunnings,1L,N/A,$11.50,$11.50 per L,https://foodlandbalaklava.com.au//lines/ant-kill-rtu-brunnings-1lt
Foodland Balaklava,2025-05-04 23:56:31,Antex Baits 4pk,N/A,N/A,$5.70,$1.42 Each,https://foodlandbalaklava.com.au//lines/antex-baits-4pk
Foodland Balaklava,2025-05-04 23:56:31,Antex Granules,3kg,N/A,$49.00,$16.33 per kg,https://foodlandbalaklava.com.au//lines/antex-granules-3kg
Foodland Balaklava,2025-05-04 23:56:31,Antex Spray Rtu,2L,N/A,$22.00,N/A,https://foodlandbalaklava.com.au//lines/antex-spray-rtu-2lt
Foodland Balaklava,2025-05-04 23:56:31,Antex Spray Rtu,500mL,N/A,$11.00,$2.20 per 100mL,https://foodlandbalaklava.com.au//lines/d-gray-antex-spray-rtu-500ml
Foodland Balaklava,2025-05-04 23:56:31,Anticol Extra Strong Sore Throat Lozenges + Vitamin C,10 x 40g,was $2.90,$2.60,$26.00 per 100g,https://foodlandbalaklava.com.au//lines/anticol-x-strong-40g
Foodland Balaklava,2025-05-04 23:56:31,Anticol Sore Throat Lozenges + Vitamin C 10 Pack,40g,was $2.90,$2.60,$6.50 per 100g,https://foodlandbalaklava.com.au//lines/anticol-regular-40gm
Foodland Balaklava,2025-05-04 23:56:31,Anticol Sore Throat Lozenges + Vitamin C 3x10 Pack,N/A,was $6.85,$6.20,$5.17 per 100g,https://foodlandbalaklava.com.au//lines/anticol-regular-3x40gm
Foodland Balaklava,2025-05-04 23:56:31,Anticol Throaties Sore Throat Lozenges 3 X 10 Pack,N/A,was $2.90,$2.60,$6.50 per 100g,https://foodlandbalaklava.com.au//lines/anticol-throaties-10loz
Foodland Balaklava,2025-05-04 23:56:31,Aofc Soup Pot & Leek,330g,was $4.75,$4.00,$1.21 per 100g,https://foodlandbalaklava.com.au//lines/aofc-soup-pot-leek-330gm
Foodland Balaklava,2025-05-04 23:56:31,Apple Drink With Surprise,250mL,N/A,$2.99,$1.20 per 100mL,https://foodlandbalaklava.com.au//lines/apple-drink-with-surprise-250ml
Foodland Balaklava,2025-05-04 23:56:31,Apple Snaps Value Pack m,18 x 252g,N/A,$5.50,$0.31 Each,https://foodlandbalaklava.com.au//lines/apple-snaps-18pk
Foodland Balaklava,2025-05-04 23:56:31,Apples Bravo,N/A,N/A,$6.49,N/A,https://foodlandbalaklava.com.au//lines/apples-bravo-1
Foodland Balaklava,2025-05-04 23:56:31,Apples Fuji Per Kg,N/A,N/A,$1.19,$6.60 per kg,https://foodlandbalaklava.com.au//lines/apples-fuji-per-kg
Foodland Balaklava,2025-05-04 23:56:31,Apples Jonathon Per Kg,N/A,N/A,$4.80,N/A,https://foodlandbalaklava.com.au//lines/apples-jonathon-per-kg
Foodland Balaklava,2025-05-04 23:56:31,Apples Mi Per Kg,N/A,N/A,$4.99,N/A,https://foodlandbalaklava.com.au//lines/apples-mi-per-kg
Foodland Balaklava,2025-05-04 23:56:31,Aptamil Gold+ 3 Premium Toddler Nutritional Supplement From 12+ Months,900g,N/A,$27.85,$3.09 per 100g,https://foodlandbalaklava.com.au//lines/aptamil-gold-plus-3-900gm
Foodland Balaklava,2025-05-04 23:56:31,Aqua Pura Fruit Splash Wildberry,1L,N/A,$2.80,$2.80 per L,https://foodlandbalaklava.com.au//lines/a-pura-f-splsh-wildberry-1l
Foodland Balaklava,2025-05-04 23:56:31,Aqua Pure Fruit Splash Tropical,1L,N/A,$2.80,$2.80 per L,https://foodlandbalaklava.com.au//lines/a-pura-f-splsh-tropical-1l
Foodland Balaklava,2025-05-04 23:56:31,Ardmona Rich & Thick Diced Tomatoes With Paste Basil & Garlic,410g,N/A,$2.65,$6.46 per kg,https://foodlandbalaklava.com.au//lines/ard-tomato-duo-bas-gar-410gm
Foodland Balaklava,2025-05-04 23:56:31,Arkadia Dirty Chia,240g,N/A,$7.00,$2.92 per 100g,https://foodlandbalaklava.com.au//lines/arkadia-chai-t-dirty-esp-240gm
Foodland Balaklava,2025-05-04 23:56:31,Armor All A/​Fresh Card Frang,N/A,N/A,$4.83,$483.00 per 100mL,https://foodlandbalaklava.com.au//lines/armor-all-a-fresh-card-frang-1
Foodland Balaklava,2025-05-04 23:56:31,Armor All A/​Fresh Card Melon,N/A,N/A,$4.83,$483.00 per 100mL,https://foodlandbalaklava.com.au//lines/armor-all-a-fresh-card-melon
Foodland Balaklava,2025-05-04 23:56:31,Armor All Air Fresheners Tahitian Vanilla 1,N/A,N/A,$4.83,$483.00 per 100mL,https://foodlandbalaklava.com.au//lines/armor-all-a-fresh-card-vanilla
Foodland Balaklava,2025-05-04 23:56:31,Armor All Car Wash,1L,was $10.50,$8.00,N/A,https://foodlandbalaklava.com.au//lines/armor-all-car-wash-1l
Foodland Balaklava,2025-05-04 23:56:31,Armor All Car Wash Sup H/​D,1L,was $13.13,$11.25,N/A,https://foodlandbalaklava.com.au//lines/armor-all-car-wash-sup-h-d-1l
Foodland Balaklava,2025-05-04 23:56:31,Armor All Clean Wipes,N/A,was $18.90,$16.00,N/A,https://foodlandbalaklava.com.au//lines/armor-all-wipes-clean-30pk
Foodland Balaklava,2025-05-04 23:56:31,Armor All Cleaner,500g,N/A,$22.50,N/A,https://foodlandbalaklava.com.au//lines/armor-all-cleanr-car-uph-500g
Foodland Balaklava,2025-05-04 23:56:31,Armor All Cloth Chamois 1,N/A,N/A,$15.50,N/A,https://foodlandbalaklava.com.au//lines/armor-all-chamois-regular-1pk
Foodland Balaklava,2025-05-04 23:56:31,Armor All Cream Cut&​Pol,250g,N/A,$22.00,N/A,https://foodlandbalaklava.com.au//lines/armor-all-cream-cut-pol-250gm
Foodland Balaklava,2025-05-04 23:56:31,Armor All Essential Blends Citrus Pomegranate 1pk,N/A,N/A,$9.14,N/A,https://foodlandbalaklava.com.au//lines/armor-all-es-blnds-citr-pom1pk
Foodland Balaklava,2025-05-04 23:56:31,Armor All Glass Cleaner Trigger,500mL,N/A,$16.00,N/A,https://foodlandbalaklava.com.au//lines/armor-all-glass-cleaner-500ml-1
Foodland Balaklava,2025-05-04 23:56:31,Armor All Glass Wipes (​30 Count),N/A,was $18.90,$16.00,N/A,https://foodlandbalaklava.com.au//lines/armor-all-glass-wipes-30ea
Foodland Balaklava,2025-05-04 23:56:31,Armor All Ultra Shine Wash & Wax,1L,was $13.15,$11.25,N/A,https://foodlandbalaklava.com.au//lines/armor-all-ult-shine-wsh-wax-1l
Foodland Balaklava,2025-05-04 23:56:31,Armor All Windscreen Wash,500mL,was $8.95,$7.65,N/A,https://foodlandbalaklava.com.au//lines/armor-all-wash-windscren-500ml
Foodland Balaklava,2025-05-04 23:56:31,Armor All ​Tyre Foam,500g,N/A,$14.70,N/A,https://foodlandbalaklava.com.au//lines/armor-all-tyre-foam-clnr-500gm-1
Foodland Balaklava,2025-05-04 23:56:31,Arnott's Biscuits Iced Vovo,210g,N/A,$4.20,$2.00 per 100g,https://foodlandbalaklava.com.au//lines/arn-iced-vo-vo-210gm
Foodland Balaklava,2025-05-04 23:56:31,Arnott's Cheds Cheese Crackers,250g,N/A,$4.75,$1.90 per 100g,https://foodlandbalaklava.com.au//lines/arn-cheds-250gm
Foodland Balaklava,2025-05-04 23:56:31,Arnott's Cruskits Rye,125g,N/A,$4.20,$3.36 per 100g,https://foodlandbalaklava.com.au//lines/arn-cruskits-rye-125gm
Foodland Balaklava,2025-05-04 23:56:33,Arnott's Farmbake Cookies Butter Shortbread,310g,N/A,$5.80,$1.87 per 100g,https://foodlandbalaklava.com.au//lines/arn-f-bake-btr-shortbread310gm
Foodland Balaklava,2025-05-04 23:56:33,Arnott's Flatbread Dippers Olive & Fetta,130g,N/A,$4.75,$3.65 per 100g,https://foodlandbalaklava.com.au//lines/arn-f-brd-crck-dippers-olive-f
Foodland Balaklava,2025-05-04 23:56:33,Arnott's Gaiety Chocolate Wafer Biscuits,160g,was $5.80,$5.00,$3.12 per 100g,https://foodlandbalaklava.com.au//lines/arn-choc-gaiety-biscuit-160gm
Foodland Balaklava,2025-05-04 23:56:33,Arnott's Gluten Free Barbecue Shapes Biscuits,110g,N/A,$5.80,$5.27 per 100g,https://foodlandbalaklava.com.au//lines/arn-shapes-bbq-g-free-110gm
Foodland Balaklava,2025-05-04 23:56:33,Arnott's Gluten Free Jatz Cracker,150g,N/A,$5.80,$4.46 per 100g,https://foodlandbalaklava.com.au//lines/arns-jatz-g-f-130gm
Foodland Balaklava,2025-05-04 23:56:33,Arnott's Lemon Crisp Cream Biscuits,250g,was $4.20,$2.00,$0.80 per 100g,https://foodlandbalaklava.com.au//lines/arn-lemon-crisps-250gm
Foodland Balaklava,2025-05-04 23:56:33,Arnott's Lightly Toasted Crackers Apricot & Macadamia,100g,N/A,$4.75,$4.75 per 100g,https://foodlandbalaklava.com.au//lines/arn-gold-crkr-l-t-apr-mac100gm
Foodland Balaklava,2025-05-04 23:56:33,Arnott's Lightly Toasted Crackers Parmesan & Caramelised Onion,100g,N/A,$4.75,$4.75 per 100g,https://foodlandbalaklava.com.au//lines/arn-gold-crkr-l-t-parm-on100gm
Foodland Balaklava,2025-05-04 23:56:33,Arnott's Minis Scotch Finger Sweet Biscuits Multipack,200g,was $5.25,$4.00,$2.00 per 100g,https://foodlandbalaklava.com.au//lines/arn-scotch-finger-mini-mp200gm
Foodland Balaklava,2025-05-04 23:56:33,Arnott's Mint Slice Chocolate Biscuits Gluten Free Nz,141g,was $5.80,$4.90,$3.48 per 100g,https://foodlandbalaklava.com.au//lines/arn-choc-mint-slice-g-f-141gm
Foodland Balaklava,2025-05-04 23:56:33,Arnott's Oat Crackers Parmesan,100g,N/A,$4.75,$4.75 per 100g,https://foodlandbalaklava.com.au//lines/arn-gold-crkr-parm-oat-110gm
Foodland Balaklava,2025-05-04 23:56:33,Arnott's Orange Slice Cream-Filled Biscuits,250g,was $4.20,$2.00,$0.80 per 100g,https://foodlandbalaklava.com.au//lines/arn-orange-slice-250gm
Foodland Balaklava,2025-05-04 23:56:33,Arnott's Originals Cracker Biscuits Mini Chicken Crimpy Shapes,200g,was $5.25,$4.00,$2.00 per 100g,https://foodlandbalaklava.com.au//lines/arn-shapes-mini-chck-crmpy200g
Foodland Balaklava,2025-05-04 23:56:33,Arnott's Seeded Crackers Rustic Herbs,100g,N/A,$4.75,$4.75 per 100g,https://foodlandbalaklava.com.au//lines/arn-gold-crkr-seed-herb-100gm
Foodland Balaklava,2025-05-04 23:56:33,Arnott's Sesame Wheat Crackers With Sesame Seeds,250g,N/A,$4.75,$1.90 per 100g,https://foodlandbalaklava.com.au//lines/arn-sesame-wheat-250gm
Foodland Balaklava,2025-05-04 23:56:33,Arnott's Shapes Fully Loaded Bueno Beef Taco,130g,N/A,$4.00,$3.08 per 100g,https://foodlandbalaklava.com.au//lines/arn-shapes-f-ld-taco-130g
Foodland Balaklava,2025-05-04 23:56:33,Arnott's Shortbread Cream Gluten Free Biscuits Nz,144g,was $5.80,$4.90,$3.40 per 100g,https://foodlandbalaklava.com.au//lines/arn-s-bread-crm-g-f-144gm
Foodland Balaklava,2025-05-04 23:56:33,Arnott's Snack Right +​Fibre Crispy Crackers Sweet Soy Chicken Multipack,150g,was $6.30,$4.10,$2.73 per 100g,https://foodlandbalaklava.com.au//lines/arn-snk-rgt-crkr-soy-chic150gm
Foodland Balaklava,2025-05-04 23:56:33,Arnott's Snack Right +​Fibre Oaty Bites Cocoa Oat Biscuits Multipack,150g,was $6.30,$4.10,$2.73 per 100g,https://foodlandbalaklava.com.au//lines/arn-snk-rgt-bte-oaty-coco150gm
Foodland Balaklava,2025-05-04 23:56:33,Arnott's Snack Right +​Fibre Oaty Bites Fruit & Oat Biscuits Multipack,150g,was $6.30,$4.10,$2.73 per 100g,https://foodlandbalaklava.com.au//lines/arn-snk-rgt-bte-oaty-frt-150gm
Foodland Balaklava,2025-05-04 23:56:33,Arnott's Spicy Fruit Roll Biscuits,250g,N/A,$4.40,$1.76 per 100g,https://foodlandbalaklava.com.au//lines/arn-spicy-fruit-roll-250gm
Foodland Balaklava,2025-05-04 23:56:33,Arnott's Teeny Tiny Teddy Choc Cereal,350g,N/A,$6.70,$1.91 per 100g,https://foodlandbalaklava.com.au//lines/arn-t-teddy-cereal-choc-350g
Foodland Balaklava,2025-05-04 23:56:33,Arnott's The Original Arno Shortbread Biscuits,250g,N/A,$3.45,$1.38 per 100g,https://foodlandbalaklava.com.au//lines/arn-arno-shortbread-250gm
Foodland Balaklava,2025-05-04 23:56:33,Arnott's The Original Butternut Snap Cookie,250g,N/A,$3.45,$1.38 per 100g,https://foodlandbalaklava.com.au//lines/arn-butternut-snaps-250gm
Foodland Balaklava,2025-05-04 23:56:33,Arnott's The Original Teddy Bear Biscuits,250g,N/A,$3.45,$1.38 per 100g,https://foodlandbalaklava.com.au//lines/arn-teddy-bear-250gm
Foodland Balaklava,2025-05-04 23:56:33,Arnott's Tim Tam Deluxe Chocolate Biscuits Salted Caramel Brownie,175g,N/A,$6.85,$3.91 per 100g,https://foodlandbalaklava.com.au//lines/arn-choc-tim-tam-sltd-crm175gm
Foodland Balaklava,2025-05-04 23:56:33,Arnott's Tim Tam Jatz,165g,N/A,$6.00,$3.64 per 100g,https://foodlandbalaklava.com.au//lines/arn-choc-tim-tam-jatz-165g
Foodland Balaklava,2025-05-04 23:56:33,Arnott's Treatles Chocolate Coated Bites Cookies And Cream Flavour,90g,was $6.30,$4.65,$5.17 per 100g,https://foodlandbalaklava.com.au//lines/arn-treatles-ckie-crm-90g
Foodland Balaklava,2025-05-04 23:56:33,Arnott's Treatles Dark Chocolate Biscuit Bites With Mint,90g,was $6.30,$4.65,$5.17 per 100g,https://foodlandbalaklava.com.au//lines/arn-treatles-mint-90g
Foodland Balaklava,2025-05-04 23:56:33,Arnott's Wagon Wheels Biscuits Original,48g,N/A,$2.35,$4.90 per 100g,https://foodlandbalaklava.com.au//lines/arn-wagon-wheels-org-48gm
Foodland Balaklava,2025-05-04 23:56:33,Arnott's Wagon Wheels Chocolate Biscuits Mini Snack Packs,190g,N/A,$6.30,$3.32 per 100g,https://foodlandbalaklava.com.au//lines/arn-wagon-wheel-orig-m-pk190gm
Foodland Balaklava,2025-05-04 23:56:33,Arnott's Wagon Wheels Original Chocolate Biscuits,190g,N/A,$5.80,$3.05 per 100g,https://foodlandbalaklava.com.au//lines/arn-wagon-wheel-mn-tray-190gm
Foodland Balaklava,2025-05-04 23:56:33,Arnotts Gluten Free Cookies & Cream,120g,was $5.80,$4.90,$4.08 per 100g,https://foodlandbalaklava.com.au//lines/arn-bisc-ckie-crm-g-free-120g
Foodland Balaklava,2025-05-04 23:56:33,Arrowords,N/A,N/A,$6.75,N/A,https://foodlandbalaklava.com.au//lines/arrowords
Foodland Balaklava,2025-05-04 23:56:33,Artline 700 Marker Black,N/A,N/A,$6.00,N/A,https://foodlandbalaklava.com.au//lines/artline-marker-700-blk
Foodland Balaklava,2025-05-04 23:56:33,Artline Freezer Marker 770 Black,N/A,N/A,$6.50,N/A,https://foodlandbalaklava.com.au//lines/artline-freezer-marker-770-blk
Foodland Balaklava,2025-05-04 23:56:33,Artline White Board Marker Black,N/A,N/A,$6.30,N/A,https://foodlandbalaklava.com.au//lines/artline-marker-w-brd-blk
Foodland Balaklava,2025-05-04 23:56:33,Asahi Super Dry 0.​0% Bottles,6 x 330mL,was $15.95,$14.95,N/A,https://foodlandbalaklava.com.au//lines/asahi-super-dry-zero-b6-330ml
Foodland Balaklava,2025-05-04 23:56:33,Asd Utility Rope,9m,N/A,$1.26,N/A,https://foodlandbalaklava.com.au//lines/asd-utility-rope-9m
Foodland Balaklava,2025-05-04 23:56:33,Asiana Selection Mega Value Pack Japanese Gyoza,700g,N/A,$14.30,$2.04 per 100g,https://foodlandbalaklava.com.au//lines/p-west-gyoza-japanese-700gm
Foodland Balaklava,2025-05-04 23:56:33,Astra Everyday Wipes 10 Pack,N/A,was $3.20,$2.80,$0.28 Each,https://foodlandbalaklava.com.au//lines/astra-everyday-wipes-10s
Foodland Balaklava,2025-05-04 23:56:33,Astra Everyday Wipes 50 Cloths,N/A,was $10.00,$8.00,$0.16 Each,https://foodlandbalaklava.com.au//lines/astra-everyday-wipes-50s
Foodland Balaklava,2025-05-04 23:56:33,Astra Mesh Scourer 2 Pack,N/A,was $2.44,$2.25,$1.12 Each,https://foodlandbalaklava.com.au//lines/astra-scourer-mesh-2s
Foodland Balaklava,2025-05-04 23:56:33,Atkins Endulge Caramel Nut Chew Bars,5 x 34g,N/A,$17.85,$10.50 per 100g,https://foodlandbalaklava.com.au//lines/atkins-endulge-car-nt-c-5x34gm
Foodland Balaklava,2025-05-04 23:56:33,Atkins Low Carb Fudge Caramel Bar,50g,was $5.05,$3.95,$7.90 per 100g,https://foodlandbalaklava.com.au//lines/atkins-advant-fdge-caraml-50gm
Foodland Balaklava,2025-05-04 23:56:33,Atomic Chick Buffalo Sauce,250mL,N/A,$10.99,$4.40 per 100mL,https://foodlandbalaklava.com.au//lines/atomic-chick-buffalo-sauce-250ml
Foodland Balaklava,2025-05-04 23:56:33,ATOMIC CHICKEN SOUTHERN FRIED CHICK RUB,500g,N/A,$13.49,N/A,https://foodlandbalaklava.com.au//lines/atomic-chicken-southern-fried-chick-500g
Foodland Balaklava,2025-05-04 23:56:33,Attack Netball Size 5,N/A,N/A,$22.00,N/A,https://foodlandbalaklava.com.au//lines/attack-netball-size-5
Foodland Balaklava,2025-05-04 23:56:34,Auldwood Apfel Saft,1L,N/A,$5.40,N/A,https://foodlandbalaklava.com.au//lines/auldwood-apfel-saft-1l
Foodland Balaklava,2025-05-04 23:56:34,Auldwood Cloudy Apple,1L,N/A,$5.40,$5.40 per L,https://foodlandbalaklava.com.au//lines/auldwood-cloudy-apple-1l
Foodland Balaklava,2025-05-04 23:56:34,Aunt Betty's Creamy Rice Snack Vanilla 2 Serves,240g,N/A,$4.15,$1.73 per 100g,https://foodlandbalaklava.com.au//lines/a-bettys-crmy-rce-vanil-2x12og
Foodland Balaklava,2025-05-04 23:56:34,Aunt Betty's Steamy Puds Plum Pudding,2 x 110g,N/A,$4.80,$2.53 per 100g,https://foodlandbalaklava.com.au//lines/aunt-betty-pudd-plum-2x110g
Foodland Balaklava,2025-05-04 23:56:34,Aunt Betty's Vanilla Flavoured Creamy Rice 4 Pack,N/A,N/A,$5.29,$5.29 per 100g,https://foodlandbalaklava.com.au//lines/aunt-betty-cream-rice-van-4pk-100g
Foodland Balaklava,2025-05-04 23:56:34,Aunt Betty's Vanilla Flavoured Creamy Rice,425g,N/A,$3.50,$3.50 per 100g,https://foodlandbalaklava.com.au//lines/aunt-betty-cream-rice-van-425g
Foodland Balaklava,2025-05-04 23:56:34,Aunt Bettys Steamy Puds Chocolate,190g,N/A,$4.80,$2.53 per 100g,https://foodlandbalaklava.com.au//lines/aunt-bety-puding-chocolate-190g
Foodland Balaklava,2025-05-04 23:56:34,Aunt Bettys Steamy Puds Golden Fruit,190g,N/A,$4.80,$2.53 per 100g,https://foodlandbalaklava.com.au//lines/ab-s-pudding-gldn-fruit-210g
Foodland Balaklava,2025-05-04 23:56:34,Aunt Bettys Steamy Puds Gooey Caramel,190g,N/A,$4.80,$2.53 per 100g,https://foodlandbalaklava.com.au//lines/aunt-betty-pudd-gooey-crml-190g
Foodland Balaklava,2025-05-04 23:56:34,Aunty Kaths Home Bake Ready To Cook Cookie Dough Chocolate Chip,450g,N/A,$6.90,$1.53 per 100g,https://foodlandbalaklava.com.au//lines/aunty-k-ckie-dough-ch-chp450gm
Foodland Balaklava,2025-05-04 23:56:34,Aus Botancl Soap Rose,200g,N/A,$4.59,$2.30 per 100g,https://foodlandbalaklava.com.au//lines/aus-botancl-soap-rose-200gm
Foodland Balaklava,2025-05-04 23:56:34,Aus Botancl Soap Sea Salt,200g,N/A,$4.59,$2.30 per 100g,https://foodlandbalaklava.com.au//lines/aus-botancl-soap-mango-200gm
Foodland Balaklava,2025-05-04 23:56:34,Aus Botanical Soap Lavender,200g,N/A,$4.59,$2.30 per 100g,https://foodlandbalaklava.com.au//lines/aus-botancl-soap-lavender200gm
Foodland Balaklava,2025-05-04 23:56:34,Aus Fresh European Antpasto,150g,N/A,$4.65,$31.00 per kg,https://foodlandbalaklava.com.au//lines/ausfrsh-euro-antipsto-mx-150gm
Foodland Balaklava,2025-05-04 23:56:34,Auscrown Butane Gas,250g,N/A,$4.45,N/A,https://foodlandbalaklava.com.au//lines/auscrown-butane-gas-250gm
Foodland Balaklava,2025-05-04 23:56:34,Aussie Drops Butter & Menthol,150g,was $3.30,$3.10,$2.07 per 100g,https://foodlandbalaklava.com.au//lines/aus-drops-butter-menthol-150g
Foodland Balaklava,2025-05-04 23:56:34,Aussie Drops Honey & Eucalyptus,150g,was $3.30,$3.10,$2.07 per 100g,https://foodlandbalaklava.com.au//lines/aus-drops-eucalyptus-honey-150g
Foodland Balaklava,2025-05-04 23:56:34,Aussie Pet Treats Chicken & Lamb Training Treats,20g,N/A,$10.99,$5.50 per 100g,https://foodlandbalaklava.com.au//lines/chicken-lamb-training-treats-200g
Foodland Balaklava,2025-05-04 23:56:34,Aussie Rules Football,N/A,N/A,$22.00,N/A,https://foodlandbalaklava.com.au//lines/aussie-rules-football-28cm
Foodland Balaklava,2025-05-04 23:56:34,Aust Country,N/A,N/A,$11.95,N/A,https://foodlandbalaklava.com.au//lines/aust-country
Foodland Balaklava,2025-05-04 23:56:34,Aust House & Garden Standard,N/A,N/A,$10.50,N/A,https://foodlandbalaklava.com.au//lines/aust-house-garden-standard
Foodland Balaklava,2025-05-04 23:56:34,Aust M/​Cycle News,N/A,N/A,$11.95,N/A,https://foodlandbalaklava.com.au//lines/aust-m-cycle-news
Foodland Balaklava,2025-05-04 23:56:34,Aust Model Railway,N/A,N/A,$12.00,N/A,https://foodlandbalaklava.com.au//lines/aust-model-railway
Foodland Balaklava,2025-05-04 23:56:34,Aust Muscle Car,N/A,N/A,$13.99,N/A,https://foodlandbalaklava.com.au//lines/aust-muscle-car
Foodland Balaklava,2025-05-04 23:56:34,Aust Wood Review,N/A,N/A,$12.50,N/A,https://foodlandbalaklava.com.au//lines/aust-wood-review
Foodland Balaklava,2025-05-04 23:56:34,Australasian Dirt Bike,N/A,N/A,$10.95,N/A,https://foodlandbalaklava.com.au//lines/australasian-dirt-bike
Foodland Balaklava,2025-05-04 23:56:34,Australia's Own Australians Own Almond Milk Organic Almond,1L,was $3.35,$3.00,$3.00 per L,https://foodlandbalaklava.com.au//lines/a-own-almond-milk-org-uht-1l
Foodland Balaklava,2025-05-04 23:56:34,Australia's Own Chocolate Kids Milk,6 x 200mL,N/A,$6.50,$5.42 per L,https://foodlandbalaklava.com.au//lines/aust-own-milk-choc-6x200ml
Foodland Balaklava,2025-05-04 23:56:34,Australia's Own Dairy A2 Protein Full Cream,1L,N/A,$2.95,$2.95 per L,https://foodlandbalaklava.com.au//lines/aust-own-milk-a2-f-crm-1l
Foodland Balaklava,2025-05-04 23:56:34,Australia's Own Dairy Standard Full Cream,1L,N/A,$2.10,$2.10 per L,https://foodlandbalaklava.com.au//lines/aust-own-milk-uht-1lt
Foodland Balaklava,2025-05-04 23:56:34,Australia's Own Dairy Standard Skim,1L,N/A,$2.10,$2.10 per L,https://foodlandbalaklava.com.au//lines/aust-own-milk-skim-uht-1lt
Foodland Balaklava,2025-05-04 23:56:34,Australia's Own Oat Barista Milk,1L,N/A,$4.75,$4.75 per L,https://foodlandbalaklava.com.au//lines/aust-own-milk-barista-oat-1l
Foodland Balaklava,2025-05-04 23:56:34,Australia's Own Organic Coconut Milk Unsweetened,1L,was $3.35,$3.00,$3.00 per L,https://foodlandbalaklava.com.au//lines/aust-own-milk-org-cocnut-1l
Foodland Balaklava,2025-05-04 23:56:34,Australia's Own Smooth As Oat Milk,1L,N/A,$3.15,$3.15 per L,https://foodlandbalaklava.com.au//lines/aust-own-milk-oat-nas-1l
Foodland Balaklava,2025-05-04 23:56:34,Australia's Own Unsweetened Organic Almond Milk,1L,N/A,$3.35,$3.35 per L,https://foodlandbalaklava.com.au//lines/aust-own-almond-unswt-milk-1l-1
Foodland Balaklava,2025-05-04 23:56:34,Australia's Own Unsweetened Organic Oat,1L,N/A,$3.70,$3.70 per L,https://foodlandbalaklava.com.au//lines/aust-own-milk-org-oat-1l
Foodland Balaklava,2025-05-04 23:56:34,Australia's Own Whipping Cream,250mL,N/A,$3.35,$1.34 per 100mL,https://foodlandbalaklava.com.au//lines/aust-own-crm-uht-250ml
Foodland Balaklava,2025-05-04 23:56:34,Australian Botanical Soaps Manuka Honey With Jojoba Oil,200g,N/A,$4.59,$2.30 per 100g,https://foodlandbalaklava.com.au//lines/aus-botancl-soap-manuk-hny200g
Foodland Balaklava,2025-05-04 23:56:34,Australian Gold Long Life Brie,115g,was $6.30,$4.50,$39.13 per kg,https://foodlandbalaklava.com.au//lines/aus-gold-chse-brie-l-l-115gm
Foodland Balaklava,2025-05-04 23:56:34,Australian Organic Food Co 8 Vegetable Minestrone Soap,330g,was $4.75,$4.00,$1.21 per 100g,https://foodlandbalaklava.com.au//lines/aofc-soup-8-veg-minestrn-330gm
Foodland Balaklava,2025-05-04 23:56:34,Australian Organic Food Co Vegetable & Chickpea Soup,330g,was $4.75,$4.00,$1.21 per 100g,https://foodlandbalaklava.com.au//lines/aofc-soup-chickpea-veg-330gm
Foodland Balaklava,2025-05-04 23:56:34,Australian Personal Computer Magazine,N/A,N/A,$11.95,N/A,https://foodlandbalaklava.com.au//lines/aust-personal-computer
Foodland Balaklava,2025-05-04 23:56:34,Australian Play Money,N/A,N/A,$5.00,N/A,https://foodlandbalaklava.com.au//lines/australian-play-money
Foodland Balaklava,2025-05-04 23:56:34,Aveeno Baby Daily Moisture Lightly Scented Sensitive Wash & Shampoo,236mL,was $13.15,$9.00,$3.81 per 100mL,https://foodlandbalaklava.com.au//lines/aveeno-baby-wash-s-poo-236ml
Foodland Balaklava,2025-05-04 23:56:34,Aveeno Baby Dermexa Fragrance Free Eczema Prone Sensitive Moisturising Body Wash,236mL,was $17.00,$12.10,$5.13 per 100mL,https://foodlandbalaklava.com.au//lines/aveeno-baby-wsh-dermexa-236ml
Foodland Balaklava,2025-05-04 23:56:34,Aveeno Daily Moisturising Creamy Oil Almond Scented Body Lotion Non-Greasy 24-Hour Hydration Normal Dry Sensitive Skin,300mL,was $15.50,$11.20,$3.73 per 100mL,https://foodlandbalaklava.com.au//lines/aveeno-dly-mst-ltn-crmy-300ml
Foodland Balaklava,2025-05-04 23:56:34,Aveeno Daily Moisturising Non-Greasy Fragrance Free Body Lotion 48-Hour Hydration Soothe Normal Dry Sensitive Skin,225mL,was $11.55,$7.95,$3.53 per 100mL,https://foodlandbalaklava.com.au//lines/aveeno-moist-lot-daily-225ml
Foodland Balaklava,2025-05-04 23:56:34,Aveeno Daily Moisturising Non-Greasy Fragrance Free Body Lotion 48-Hour Hydration Soothe Normal Dry Sensitive Skin,354mL,was $15.50,$11.20,$3.16 per 100mL,https://foodlandbalaklava.com.au//lines/aveeno-moist-ltn-daily-354ml
Foodland Balaklava,2025-05-04 23:56:35,Aveeno Daily Moisturising Non-Greasy Fragrance Free Body Lotion 48-Hour Hydration Soothe Normal Dry Sensitive Skin,71mL,was $5.80,$3.95,$5.56 per 100mL,https://foodlandbalaklava.com.au//lines/aveeno-moist-lot-daily-71ml-1
Foodland Balaklava,2025-05-04 23:56:35,Aveeno Fresh Greens Blend Natural Volumising Conditioner For Fine Hair,354mL,was $19.50,$14.05,$3.97 per 100mL,https://foodlandbalaklava.com.au//lines/aveeno-fresh-greens-blend-natural-volumising-conditioner-for-fine-hair-354ml-354ml
Foodland Balaklava,2025-05-04 23:56:35,Aveeno Fresh Greens Blend Natural Volumising Shampoo For Fine Hair,354mL,was $19.50,$14.05,$3.97 per 100mL,https://foodlandbalaklava.com.au//lines/aveeno-fresh-greens-blend-natural-volumising-shampoo-for-fine-hair-354ml-354ml
Foodland Balaklava,2025-05-04 23:56:35,Aveeno Intense Relief Soothing Fragrance Free Hand Cream 24-Hour Moisture Protect Dry Rough Chapped Sensitive Skin,100g,was $13.65,$9.35,$9.35 per 100g,https://foodlandbalaklava.com.au//lines/aveeno-hand-crm-ints-rel-100gm
Foodland Balaklava,2025-05-04 23:56:35,Aveeno Oat Milk Blend Moisturising Conditioner For Dry & Damaged Hair,354mL,was $19.50,$14.05,$3.97 per 100mL,https://foodlandbalaklava.com.au//lines/aveeno-oat-milk-blend-moisturising-conditioner-for-dry-damaged-hair-354ml-354ml
Foodland Balaklava,2025-05-04 23:56:35,Aveeno Oat Milk Blend Moisturising Shampoo For Dry & Damaged Hair,354mL,was $19.50,$14.05,$3.97 per 100mL,https://foodlandbalaklava.com.au//lines/aveeno-oat-milk-blend-moisturising-shampoo-for-dry-damaged-hair-354ml-354ml
Foodland Balaklava,2025-05-04 23:56:35,Aveeno Rose Water & Chamomile Conditioner For Dry Hair,354mL,was $19.50,$14.05,$3.97 per 100mL,https://foodlandbalaklava.com.au//lines/aveeno-cond-rsewtr-cham-354ml
Foodland Balaklava,2025-05-04 23:56:35,Aveeno Rose Water & Chamomile Shampoo For Dry Hair,354mL,was $19.50,$14.05,$3.97 per 100mL,https://foodlandbalaklava.com.au//lines/aveeno-s-poo-rsewtr-cham-354ml
Foodland Balaklava,2025-05-04 23:56:35,Aveeno Skin Relief Fragrance Free Body Lotion Shea Butter 72-Hour Intense Hydration Soothe Dry Itchy Sensitive Skin,354mL,was $19.00,$13.70,$3.87 per 100mL,https://foodlandbalaklava.com.au//lines/aveeno-ltn-f-fre-skn-rel-354ml
Foodland Balaklava,2025-05-04 23:56:35,Aveeno Skin Relief Gentle Fragrance Free Body Wash Relieve Extra Dry Itchy Sensitive Skin Ph-Balanced Cleanser,532mL,was $18.00,$13.00,$2.44 per 100mL,https://foodlandbalaklava.com.au//lines/aveeno-b-wash-skin-rel-532ml
Foodland Balaklava,2025-05-04 23:56:35,Avo Fresh Avocado & Lemon,160g,N/A,$6.00,$3.75 per 100g,https://foodlandbalaklava.com.au//lines/avo-fresh-avocado-lemon-160g
Foodland Balaklava,2025-05-04 23:56:35,Avo Fresh Smashed Avocado,160g,N/A,$6.50,$4.06 per 100g,https://foodlandbalaklava.com.au//lines/avofresh-smashed-avo-160g
Foodland Balaklava,2025-05-04 23:56:35,Aww Icons 7,N/A,N/A,$10.99,N/A,https://foodlandbalaklava.com.au//lines/aww-icons-7
Foodland Balaklava,2025-05-04 23:56:35,Ayam Coconut Milk Powder,150g,N/A,$4.20,$2.80 per 100g,https://foodlandbalaklava.com.au//lines/ayam-coconut-milk-powder-150gm
Foodland Balaklava,2025-05-04 23:56:35,Ayam Malaysian Curry Paste,185g,N/A,$4.00,$2.16 per 100g,https://foodlandbalaklava.com.au//lines/ayam-nyonya-curry-paste-185gm
Foodland Balaklava,2025-05-04 23:56:35,Ayam Malaysian Rendang Curry Paste,185g,N/A,$4.20,$2.27 per 100g,https://foodlandbalaklava.com.au//lines/ayam-curry-pste-rendang-185gm
Foodland Balaklava,2025-05-04 23:56:35,Ayam Mlay Nasi Goreng Pste,185g,N/A,$4.00,$2.16 per 100g,https://foodlandbalaklava.com.au//lines/ayam-mlay-nasi-goreng-pste-185gm
Foodland Balaklava,2025-05-04 23:56:35,Ayam Paste Laksa,185g,N/A,$4.20,$2.27 per 100g,https://foodlandbalaklava.com.au//lines/ayam-laska-paste-185gm
Foodland Balaklava,2025-05-04 23:56:35,Azalea Grape Seed Oil 100% Pure,1L,N/A,$18.90,$1.89 per 100mL,https://foodlandbalaklava.com.au//lines/azalea-oil-grape-seed-1l
Foodland Balaklava,2025-05-04 23:56:35,B Honey Australian Honey,450g,N/A,$8.95,$1.99 per 100g,https://foodlandbalaklava.com.au//lines/b-honey-jar-450gm
Foodland Balaklava,2025-05-04 23:56:35,B Honey Australian Honey Squeeze,300g,N/A,$6.85,$2.28 per 100g,https://foodlandbalaklava.com.au//lines/b-honey-sqze-300gm
Foodland Balaklava,2025-05-04 23:56:35,B Honey Squeeze,750g,was $14.20,$12.50,$1.67 per 100g,https://foodlandbalaklava.com.au//lines/b-honey-u-d-750gm
Foodland Balaklava,2025-05-04 23:56:35,B-Green Fert 100% Org S-R,600g,N/A,$8.40,$1.40 per 100g,https://foodlandbalaklava.com.au//lines/b-green-fert-100-org-s-r-600g
Foodland Balaklava,2025-05-04 23:56:35,Black & Gold Aspirin 24s,N/A,N/A,$0.95,$0.04 Each,https://foodlandbalaklava.com.au//lines/b-gold-aspirin-24s
Foodland Balaklava,2025-05-04 23:56:35,Black & Gold Bavarian Choc,450g,N/A,$4.80,$1.07 per 100g,https://foodlandbalaklava.com.au//lines/b-gold-bavarian-choc-450gm-1
Foodland Balaklava,2025-05-04 23:56:35,Black & Gold Budgie&​Canary Mix,2kg,N/A,$5.25,$0.26 per 100g,https://foodlandbalaklava.com.au//lines/b-gold-budgie-canary-mix-2kg-1
Foodland Balaklava,2025-05-04 23:56:35,Black & Gold Dish Brsh Ast Col295874,N/A,N/A,$2.00,N/A,https://foodlandbalaklava.com.au//lines/b-gold-dish-brsh-ast-col295874
Foodland Balaklava,2025-05-04 23:56:35,Black & Gold Motor Oil /​40 4l,15W,N/A,$28.00,N/A,https://foodlandbalaklava.com.au//lines/b-gold-motor-oil-40-4l-15w
Foodland Balaklava,2025-05-04 23:56:35,Black & Gold Sponge Cloths 3pk,N/A,N/A,$1.10,$0.37 Each,https://foodlandbalaklava.com.au//lines/b-gold-sponge-cloths-3pk
Foodland Balaklava,2025-05-04 23:56:35,Black & Gold Storage Box #​15l,N/A,N/A,$11.00,N/A,https://foodlandbalaklava.com.au//lines/b-gold-storage-box-15l
Foodland Balaklava,2025-05-04 23:56:35,B/​Harv Mussels B/​Bay Blnc500gm,N/A,N/A,$10.50,$21.00 per kg,https://foodlandbalaklava.com.au//lines/b-harv-mussels-b-bay-blnc500gm
Foodland Balaklava,2025-05-04 23:56:35,B/​Martin Puppy Training Pad14s,N/A,N/A,$13.00,$0.93 Each,https://foodlandbalaklava.com.au//lines/b-martin-puppy-training-pad14s
Foodland Balaklava,2025-05-04 23:56:35,B/​Martin Spot On Flea L/​Dog1pk,N/A,N/A,$17.60,N/A,https://foodlandbalaklava.com.au//lines/b-martin-spot-on-flea-l-dog1pk
Foodland Balaklava,2025-05-04 23:56:35,B/​Martin Spot On Flea S/​Dog1pk,N/A,N/A,$14.60,N/A,https://foodlandbalaklava.com.au//lines/b-martin-spot-on-flea-s-dog1pk
Foodland Balaklava,2025-05-04 23:56:35,B/​Martin Spray Tick&​Flea,250mL,N/A,$15.60,$62.40 per L,https://foodlandbalaklava.com.au//lines/b-martin-spray-tick-flea-250ml
Foodland Balaklava,2025-05-04 23:56:35,B/​Martin T&​Flea Rid Mlwsh250ml,N/A,N/A,$20.00,N/A,https://foodlandbalaklava.com.au//lines/b-martin-t-flea-rid-mlwsh250ml
Foodland Balaklava,2025-05-04 23:56:35,B/​Stone BBQ Bacon & Cheese,500g,N/A,$9.95,$1.99 per 100g,https://foodlandbalaklava.com.au//lines/b-stone-bbq-bacon-cheese-500g
Foodland Balaklava,2025-05-04 23:56:35,B/​Stone BBQ Meatlovers,500g,N/A,$9.95,$1.99 per 100g,https://foodlandbalaklava.com.au//lines/b-stone-bbq-meatlovers-500g
Foodland Balaklava,2025-05-04 23:56:35,B/​Stone Classic Pizza Base,500g,N/A,$4.95,$1.10 per 100g,https://foodlandbalaklava.com.au//lines/b-stone-classic-pizza-base-500g
Foodland Balaklava,2025-05-04 23:56:35,B/​Stone Double Pepperoni,500g,N/A,$9.95,$1.99 per 100g,https://foodlandbalaklava.com.au//lines/b-stone-double-pepperoni-500g
Foodland Balaklava,2025-05-04 23:56:35,B/​Stone Ham & Pineapple,500g,N/A,$9.95,$1.99 per 100g,https://foodlandbalaklava.com.au//lines/b-stone-ham-pineapple-500g
Foodland Balaklava,2025-05-04 23:56:35,B/​Wave Crispy Fish Bites,1kg,N/A,$19.99,N/A,https://foodlandbalaklava.com.au//lines/b-wave-crispy-fish-bites-1kg
Foodland Balaklava,2025-05-04 23:56:35,B25238 V Zero Sugar Original Can,250mL,was $3.45,$2.75,$11.00 per L,https://foodlandbalaklava.com.au//lines/v-energy-drink-s-f-can-250ml-1
Foodland Balaklava,2025-05-04 23:56:35,Baby Bellies Berry Yoghurt Pick-Up Stix,16g,was $3.95,$3.50,$21.88 per 100g,https://foodlandbalaklava.com.au//lines/b-bellies-p-up-stk-ygt-bry16gm
Foodland Balaklava,2025-05-04 23:56:35,Baby Bellies Sweet Potato Pickup Sticks,16g,was $3.95,$3.50,$21.88 per 100g,https://foodlandbalaklava.com.au//lines/b-bellies-p-up-stk-swtpot-16gm
Foodland Balaklava,2025-05-04 23:56:35,Baby Boo Crawler Nappy Size 3,N/A,N/A,$12.00,$0.21 Each,https://foodlandbalaklava.com.au//lines/baby-boo-nappy-crwlr-sz3-56pk
Foodland Balaklava,2025-05-04 23:56:35,Baby Boo Nappy Pants,N/A,N/A,$10.00,$0.43 Each,https://foodlandbalaklava.com.au//lines/baby-boo-nappy-pants-sz5-23pk
Foodland Balaklava,2025-05-04 23:56:35,Baby Boo Nappy2 Pants,N/A,N/A,$10.00,$0.48 Each,https://foodlandbalaklava.com.au//lines/baby-boo-nappy-pants-sz6-21pk
Foodland Balaklava,2025-05-04 23:56:36,Baby Boo Walker Nappy,N/A,N/A,$12.00,$0.27 Each,https://foodlandbalaklava.com.au//lines/baby-boo-nappy-wlkr-sz5-44pk
Foodland Balaklava,2025-05-04 23:56:36,Baby Silicone Bibs,N/A,N/A,$8.00,N/A,https://foodlandbalaklava.com.au//lines/baby-silicone-bibs
Foodland Balaklava,2025-05-04 23:56:36,Babybel Cheese Mini Original,200g,N/A,$11.75,$58.75 per kg,https://foodlandbalaklava.com.au//lines/bel-babybel-200gm
Foodland Balaklava,2025-05-04 23:56:36,"Babylove Cosifit Size 1, 28 Pack 28pk",N/A,was $12.60,$11.00,$0.39 Each,https://foodlandbalaklava.com.au//lines/babylove-npy-cosfit-nborn-28s
Foodland Balaklava,2025-05-04 23:56:36,"Babylove Cosifit Size 5, 17 Pack 17pk",N/A,was $12.60,$11.00,$0.65 Each,https://foodlandbalaklava.com.au//lines/babylove-npy-cosfit-wlkr-17s
Foodland Balaklava,2025-05-04 23:56:36,"Babylove Cosifit Size 6, 15 Pack 15pk",N/A,was $12.60,$11.00,$0.73 Each,https://foodlandbalaklava.com.au//lines/babylove-npy-cosfit-jnr-15s
Foodland Balaklava,2025-05-04 23:56:36,"Babylove Everyday Wipes, 240 (​80 X 3) Pack",N/A,was $11.05,$9.50,$3.96 Units100,https://foodlandbalaklava.com.au//lines/babylove-wipes-baby-evyday240s
Foodland Balaklava,2025-05-04 23:56:36,"Babylove Nappy Pants Size 4 (​9-14kg)​, 28 Pack 28pk",N/A,was $21.00,$19.50,$0.70 Each,https://foodlandbalaklava.com.au//lines/baby-love-nappy-pant-todlr-28s
Foodland Balaklava,2025-05-04 23:56:36,"Babylove Nappy Pants Size 4 (​9-14kg)​, 56 Pack",N/A,N/A,$32.55,$0.58 Each,https://foodlandbalaklava.com.au//lines/babylove-npy-pant-todd-jmbo56s
Foodland Balaklava,2025-05-04 23:56:36,"Babylove Nappy Pants Size 6 (​15-25 Kg)​, 42 Pack",N/A,N/A,$32.55,$0.78 Each,https://foodlandbalaklava.com.au//lines/babylove-nappy-pant-jnr-42s
Foodland Balaklava,2025-05-04 23:56:36,"Babylove Nappy Pants Size 6 (​15-25kg)​, 22 Pack 22pk",N/A,was $21.00,$19.50,$0.89 Each,https://foodlandbalaklava.com.au//lines/babylove-nappy-pants-junior22s
Foodland Balaklava,2025-05-04 23:56:36,"Babylove Sleepynights Pants 2-4 Years (​12-18kg)​, 12 Pack 12pk",N/A,was $14.70,$12.00,$1.00 Each,https://foodlandbalaklava.com.au//lines/babylove-sleepy-nght-2-4yrs12s
Foodland Balaklava,2025-05-04 23:56:36,"Babylove Sleepynights Pants 4-7 Years (​18-35kg)​, 9 Pack 9pk",N/A,was $13.15,$11.00,$1.22 Each,https://foodlandbalaklava.com.au//lines/babylove-sleepynights-4-7yrs9s
Foodland Balaklava,2025-05-04 23:56:36,"Babylove Sleepynights Pants 8-15 Years (​27-57kg)​, 8 Pack 8pk",N/A,N/A,$13.15,$1.64 Each,https://foodlandbalaklava.com.au//lines/babylove-slpy-nght-pant8-15-8s
Foodland Balaklava,2025-05-04 23:56:36,"Babylove Water Wipes, 240 (​80 X 3) Pack",N/A,was $16.80,$14.50,$6.04 Units100,https://foodlandbalaklava.com.au//lines/babylove-wipes-baby-wtr-240s
Foodland Balaklava,2025-05-04 23:56:36,"Babylove Water Wipes, 80 Pack",N/A,was $6.30,$5.40,$6.75 Units100,https://foodlandbalaklava.com.au//lines/babylove-wipes-baby-wtr-80s
Foodland Balaklava,2025-05-04 23:56:36,Back 2 Nat Sml Anml Bedding10l,N/A,was $16.80,$13.40,N/A,https://foodlandbalaklava.com.au//lines/back-2-nat-sml-anml-bedding10l
Foodland Balaklava,2025-05-04 23:56:36,Bake Stone Foccacia Garlic & Herb '2 Pack',240g,N/A,$4.80,$2.00 per 100g,https://foodlandbalaklava.com.au//lines/b-stone-focaccia-gar-hrb-240g
Foodland Balaklava,2025-05-04 23:56:36,Baked Provisions Apple Crumble Cake Each,400g,N/A,$10.50,$2.62 per 100g,https://foodlandbalaklava.com.au//lines/bkd-prvsn-log-apl-crmbl-400g
Foodland Balaklava,2025-05-04 23:56:36,Baked Provisions Ham Cheese Quiche 2pk,N/A,N/A,$8.20,$2.73 per 100g,https://foodlandbalaklava.com.au//lines/bkd-prvsn-quiche-ham-chs-2pk-300g
Foodland Balaklava,2025-05-04 23:56:36,Baked Provisions Homestyle Sausage Roll 2pk,N/A,N/A,$7.50,$2.50 per 100g,https://foodlandbalaklava.com.au//lines/bkd-prvsn-sausage-roll-2pk-300g
Foodland Balaklava,2025-05-04 23:56:36,Baked Provisions Spinach Quiche 2pk,N/A,N/A,$8.20,$2.73 per 100g,https://foodlandbalaklava.com.au//lines/bkd-prvsn-quiche-spinach-2pk-300g
Foodland Balaklava,2025-05-04 23:56:36,Baked Provisions Steak Pies Twn Pack,N/A,N/A,$8.20,$1.95 per 100g,https://foodlandbalaklava.com.au//lines/bkd-prvsn-pie-steak-2pk-420g
Foodland Balaklava,2025-05-04 23:56:36,Baker's Collection Good Health Gluten Free Melting Moment,200g,N/A,$8.70,$4.35 per 100g,https://foodlandbalaklava.com.au//lines/g-hlth-bis-g-f-melt-momnt200gm
Foodland Balaklava,2025-05-04 23:56:36,Baker's Oven Rollettes Chocolate,250g,N/A,$4.30,$1.72 per 100g,https://foodlandbalaklava.com.au//lines/b-ovn-rollettes-chocolate250gm
Foodland Balaklava,2025-05-04 23:56:36,Bakers Choice Happy Pants Biscuits,185g,N/A,$6.00,$3.53 per 100g,https://foodlandbalaklava.com.au//lines/b-coll-happy-pants-biscuit-170g
Foodland Balaklava,2025-05-04 23:56:36,Bakers Collection Light Fruit Cake,700g,N/A,$9.30,$1.33 per 100g,https://foodlandbalaklava.com.au//lines/b-coll-light-fruit-cake-700g
Foodland Balaklava,2025-05-04 23:56:36,Bakers Collection Caramel Slice 6pk,N/A,N/A,$8.00,$3.20 per 100g,https://foodlandbalaklava.com.au//lines/b-c-caramel-slice-250g
Foodland Balaklava,2025-05-04 23:56:36,Bakers Collection Dark Fruit Cake,700g,N/A,$9.30,$1.33 per 100mL,https://foodlandbalaklava.com.au//lines/b-coll-dark-fruit-cake-700g
Foodland Balaklava,2025-05-04 23:56:36,Bakers Collection Medium Vol-Au-Vonts,N/A,N/A,$6.30,$3.94 per 100g,https://foodlandbalaklava.com.au//lines/b-coll-vol-au-vent-medium-4pk-160gm
Foodland Balaklava,2025-05-04 23:56:36,Bakers Collection Mixed Tarts 4pk,N/A,N/A,$5.20,$2.60 per 100g,https://foodlandbalaklava.com.au//lines/b-coll-mixed-tart-200g
Foodland Balaklava,2025-05-04 23:56:36,Bakers Collection Palmiers,225g,N/A,$7.50,$3.33 per 100g,https://foodlandbalaklava.com.au//lines/b-coll-palmiers-225g
Foodland Balaklava,2025-05-04 23:56:36,Bakers Collection Rainbow Donut Cookies,300g,N/A,$9.00,$3.00 per 100g,https://foodlandbalaklava.com.au//lines/b-coll-donut-cookies-rainbow-300gm
Foodland Balaklava,2025-05-04 23:56:36,Bakers Oven Croissants 9 Pack,N/A,N/A,$9.45,$1.67 per 100g,https://foodlandbalaklava.com.au//lines/b-ovn-croissant-9pk-567g
Foodland Balaklava,2025-05-04 23:56:36,Bakers Oven Entertainer Rolls 4pk,N/A,N/A,$3.15,$0.79 Each,https://foodlandbalaklava.com.au//lines/b-ovn-rolls-t-b-entrtnr-4pk
Foodland Balaklava,2025-05-04 23:56:36,Bakers Oven Jam Lamington,350g,N/A,$4.60,$1.31 per 100g,https://foodlandbalaklava.com.au//lines/b-ovn-lamington-jam-350gm
Foodland Balaklava,2025-05-04 23:56:36,Bakers Oven Jam Rollettes,250g,N/A,$4.30,$1.72 per 100g,https://foodlandbalaklava.com.au//lines/b-ovn-rollettes-jam-250gm
Foodland Balaklava,2025-05-04 23:56:36,Bakery Du Jour Brioche Bun Sliders,180g,N/A,$3.45,$1.92 per 100g,https://foodlandbalaklava.com.au//lines/brioche-buns-slider-6pk-180gm
Foodland Balaklava,2025-05-04 23:56:36,Baker’​S Collection Pink Heart Biscuits,N/A,N/A,$5.80,$1.93 per 100g,https://foodlandbalaklava.com.au//lines/b-coll-pink-heart-biscuits-155gm
Foodland Balaklava,2025-05-04 23:56:36,Baker’​S Oven Petit Pain Rolls,N/A,N/A,$2.65,$0.66 Each,https://foodlandbalaklava.com.au//lines/b-ovn-rolls-t-b-petit-pain-4pk
Foodland Balaklava,2025-05-04 23:56:36,Baker’​S Oven Sponge Cake,455g,N/A,$6.30,$1.38 per 100g,https://foodlandbalaklava.com.au//lines/b-ovn-cke-sponge-van-u-f-455g
Foodland Balaklava,2025-05-04 23:56:36,Balducci Linguine No. 1,500g,was $2.00,$1.75,$0.35 per 100g,https://foodlandbalaklava.com.au//lines/balducci-linguine-1-500gm
Foodland Balaklava,2025-05-04 23:56:36,Balfours Fresh Kranksy Roll,150g,was $4.00,$3.40,$2.27 per 100g,https://foodlandbalaklava.com.au//lines/balfours-kransky-roll-150gm
Foodland Balaklava,2025-05-04 23:56:36,Balfours Fresh Napoleon Cake,400g,was $9.00,$8.85,$2.21 per 100g,https://foodlandbalaklava.com.au//lines/balf-cake-napoleon-400gm
Foodland Balaklava,2025-05-04 23:56:36,Balfours Fresh Vanilla Slice,180g,was $4.60,$3.90,$2.17 per 100g,https://foodlandbalaklava.com.au//lines/balfours-vanilla-slice-180gm
Foodland Balaklava,2025-05-04 23:56:36,Balfours Frozen Cornish Pasty,400g,N/A,$9.65,$2.41 per 100g,https://foodlandbalaklava.com.au//lines/balf-pastie-premium-crnsh400gm
Foodland Balaklava,2025-05-04 23:56:36,Balfours Homestyle Apple Crumble Muffin,150g,N/A,$3.70,$2.47 per 100g,https://foodlandbalaklava.com.au//lines/balf-h-s-muff-apple-crumble-150gm
Foodland Balaklava,2025-05-04 23:56:36,Balfours Homestyle Blueberry Muffin,150g,N/A,$3.70,$2.47 per 100g,https://foodlandbalaklava.com.au//lines/balf-h-s-blueberry-muffin-150g
Foodland Balaklava,2025-05-04 23:56:37,Balfours Homestyle Raspberry & White Chocolate Muffin,150g,N/A,$3.70,$2.47 per 100g,https://foodlandbalaklava.com.au//lines/balf-h-s-rasp-w-choc-muffin-150g
Foodland Balaklava,2025-05-04 23:56:37,Balfours Pizza Pie,200g,N/A,$5.00,$2.50 per 100g,https://foodlandbalaklava.com.au//lines/balf-pie-pre-pizza-200gm
Foodland Balaklava,2025-05-04 23:56:37,Balfours Premium Butter Chicken Pie,200g,N/A,$5.00,$2.50 per 100g,https://foodlandbalaklava.com.au//lines/balf-pre-pie-butter-chkn-200gm
Foodland Balaklava,2025-05-04 23:56:37,Ball Hi Bounce Smiley,N/A,N/A,$3.00,N/A,https://foodlandbalaklava.com.au//lines/ball-hi-bounce-smiley
Foodland Balaklava,2025-05-04 23:56:37,Banana Boat After Sun Aloe Vera Gel,250g,N/A,$10.00,$4.00 per 100g,https://foodlandbalaklava.com.au//lines/ban-bt-a-sun-gel-aloe-250ml
Foodland Balaklava,2025-05-04 23:56:37,Banana Boat After Sun Aloe Vera Gel,375g,N/A,$13.65,$3.64 per 100g,https://foodlandbalaklava.com.au//lines/ban-bt-a-sun-gel-aloe-375g
Foodland Balaklava,2025-05-04 23:56:37,Banana Boat Dry Balance Sunscreen Spray Spf 50+,175g,N/A,$23.10,$13.20 per 100g,https://foodlandbalaklava.com.au//lines/ban-bt-dry-sscrn-spr50-175gm
Foodland Balaklava,2025-05-04 23:56:37,Banana Boat Kids Roll On Sunscreen Spf 50+,75mL,N/A,$13.65,$18.20 per 100mL,https://foodlandbalaklava.com.au//lines/ban-bt-sscrn-kids-r-on50-75ml
Foodland Balaklava,2025-05-04 23:56:37,Banana Boat Kids Sunscreen Lotion Spf50+,200g,was $19.95,$15.20,$7.60 per 100mL,https://foodlandbalaklava.com.au//lines/ban-bt-sscrn-kids-spf50-200ml
Foodland Balaklava,2025-05-04 23:56:37,Banana Boat Kids Sunscreen Spray Spf 50+,175g,N/A,$23.10,$13.20 per 100g,https://foodlandbalaklava.com.au//lines/ban-bt-sscrn-kids-spr50-175gm
Foodland Balaklava,2025-05-04 23:56:37,Banana Boat Soothing Aloe Mist After Sun Spray,250g,N/A,$10.50,$4.20 per 100mL,https://foodlandbalaklava.com.au//lines/ban-bt-a-sun-spry-a-vera-250ml
Foodland Balaklava,2025-05-04 23:56:37,Banana Boat Sport Sunscreen Lotion Spf 50+,100g,N/A,$14.45,$14.45 per 100g,https://foodlandbalaklava.com.au//lines/ban-bt-sscrn-sprt50-tbe-100gm
Foodland Balaklava,2025-05-04 23:56:37,Banana Boat Ultra Sunscreen Lotion Spf 50+,200g,was $19.95,$15.20,$7.60 per 100g,https://foodlandbalaklava.com.au//lines/ban-bt-sscrn-ultra-50-200gm
Foodland Balaklava,2025-05-04 23:56:37,Banana Boat Ultra Sunscreen Lotion Spf 50+,400g,N/A,$29.40,$7.35 per 100g,https://foodlandbalaklava.com.au//lines/ban-bt-sscrn-ultra-50-400gm
Foodland Balaklava,2025-05-04 23:56:37,Banana Boat Ultra Sunscreen Spray Spf 50+,175g,N/A,$23.10,$13.20 per 100g,https://foodlandbalaklava.com.au//lines/ban-bt-sscrn-ultr-spr50-175gm
Foodland Balaklava,2025-05-04 23:56:37,Banana Boat® Sensitive Sunscreen Lotion Spf 50+,200g,was $19.95,$15.20,$7.60 per 100g,https://foodlandbalaklava.com.au//lines/ban-bt-sscrn-sens-50-200gm
Foodland Balaklava,2025-05-04 23:56:37,Band-Aid Advanced Footcare Blister Cushion Medium Extreme 5 Pack,N/A,was $13.15,$11.35,$2.27 Each,https://foodlandbalaklava.com.au//lines/bandaid-foot-blist-cush-med-5
Foodland Balaklava,2025-05-04 23:56:37,Band-Aid Advanced Healing Hydro Seal Blister Block 4 Pack,N/A,N/A,$9.80,$2.45 Each,https://foodlandbalaklava.com.au//lines/j-j-band-aid-adv-heal-4s
Foodland Balaklava,2025-05-04 23:56:37,Band-Aid Advanced Healing Hydro Seal Regular Gel Plasters 10 Pack,N/A,was $9.80,$7.75,$0.78 Each,https://foodlandbalaklava.com.au//lines/bandaid-adv-healing-reg-10s
Foodland Balaklava,2025-05-04 23:56:37,Band-Aid Brand Plastic Strips 50 Pack,N/A,was $5.25,$4.10,$0.08 Each,https://foodlandbalaklava.com.au//lines/bandaid-plastic-strips-50s
Foodland Balaklava,2025-05-04 23:56:37,Band-Aid Extra Wide Plastic Strips 40 Pack,N/A,was $5.25,$4.10,$0.10 Each,https://foodlandbalaklava.com.au//lines/bandaid-plas-strips-x-wide-40s
Foodland Balaklava,2025-05-04 23:56:37,Band-Aid First Aid Non-Irritating Paper Tape 2.​5cm X,9.1m,was $7.90,$6.20,$0.07 per cm,https://foodlandbalaklava.com.au//lines/band-aid-frst-aid-ppr-tpe-9-1m
Foodland Balaklava,2025-05-04 23:56:37,Band-Aid Tough Strips 20 Pack,N/A,was $3.70,$3.30,$0.16 Each,https://foodlandbalaklava.com.au//lines/bandaid-tough-strips-reg-20s
Foodland Balaklava,2025-05-04 23:56:37,Band-Aid Waterproof Aquablock Sterile Strips 40 Pack,N/A,was $6.30,$4.95,$0.12 Each,https://foodlandbalaklava.com.au//lines/bandaid-aquablock-reg-40s
Foodland Balaklava,2025-05-04 23:56:37,Bar B Mate Spatula,N/A,N/A,$17.06,N/A,https://foodlandbalaklava.com.au//lines/bar-b-mate-spatula
Foodland Balaklava,2025-05-04 23:56:37,Barbie Chelsea,N/A,N/A,$12.50,N/A,https://foodlandbalaklava.com.au//lines/barbie-chelsea-6
Foodland Balaklava,2025-05-04 23:56:37,Barbie Magazine,N/A,N/A,$14.99,N/A,https://foodlandbalaklava.com.au//lines/barbie-magazine-5
Foodland Balaklava,2025-05-04 23:56:37,Barbie My Fab Make Up Set,N/A,N/A,$6.50,N/A,https://foodlandbalaklava.com.au//lines/barbie-my-fab-make-up-set
Foodland Balaklava,2025-05-04 23:56:37,Bard Valley Natural Delights Medjool Dates,N/A,N/A,$8.49,N/A,https://foodlandbalaklava.com.au//lines/nat-del-b-valley-prm-medjool-dates-227gm
Foodland Balaklava,2025-05-04 23:56:37,"Barilla Basil & Rocket Pesto,",190g,N/A,$5.55,$2.92 per 100g,https://foodlandbalaklava.com.au//lines/barilla-pesto-rckt-basil-190gm
Foodland Balaklava,2025-05-04 23:56:37,"Barilla Bolognese Pasta Sauce,",400g,N/A,$5.15,$1.29 per 100g,https://foodlandbalaklava.com.au//lines/barilla-psta-sce-bol-base400gm
Foodland Balaklava,2025-05-04 23:56:37,"Barilla Classic Fusilli Pasta,",500g,N/A,$3.70,$0.74 per 100g,https://foodlandbalaklava.com.au//lines/barilla-fusilli-no-98-490gm
Foodland Balaklava,2025-05-04 23:56:37,"Barilla Classic Rigatoni Pasta,",500g,N/A,$3.70,$0.74 per 100g,https://foodlandbalaklava.com.au//lines/barilla-rigatoni-no89-500gm
Foodland Balaklava,2025-05-04 23:56:37,"Barilla Classic Spaghetti Pasta,",500g,N/A,$3.70,$0.74 per 100g,https://foodlandbalaklava.com.au//lines/barilla-spaghetti-no5-500gm
Foodland Balaklava,2025-05-04 23:56:37,"Barilla Classic Spaghettini Pasta,",500g,N/A,$3.70,$0.74 per 100g,https://foodlandbalaklava.com.au//lines/barilla-spaghettini-no3-500gm
Foodland Balaklava,2025-05-04 23:56:37,"Barilla Gluten Free Penne Rigate Pasta,",340g,N/A,$4.95,$1.46 per 100g,https://foodlandbalaklava.com.au//lines/barilla-penne-gl-free-340gm
Foodland Balaklava,2025-05-04 23:56:37,"Barilla Pesto Alla Genovese,",190g,N/A,$5.55,$2.92 per 100g,https://foodlandbalaklava.com.au//lines/barilla-pesto-genovese-190gm
Foodland Balaklava,2025-05-04 23:56:37,Barkleys Chocolate Mints,50g,N/A,$5.00,$10.00 per 100g,https://foodlandbalaklava.com.au//lines/barkleys-chocolate-mint-50g
Foodland Balaklava,2025-05-04 23:56:37,Barossa Aust Middle Bacon,250g,N/A,$6.50,N/A,https://foodlandbalaklava.com.au//lines/barossa-aust-middle-bacon-250g
Foodland Balaklava,2025-05-04 23:56:37,Barossa Bratwurst,480g,N/A,$8.40,$1.75 per 100g,https://foodlandbalaklava.com.au//lines/barossa-bratwurst-480g
Foodland Balaklava,2025-05-04 23:56:37,Basketball Size 6,N/A,N/A,$22.00,N/A,https://foodlandbalaklava.com.au//lines/basketball-size-6
Foodland Balaklava,2025-05-04 23:56:37,Batchelors Garden Peas Wtr,400g,N/A,$2.50,$6.25 per kg,https://foodlandbalaklava.com.au//lines/batchelors-garden-peas-wtr-400g
Foodland Balaklava,2025-05-04 23:56:37,Batchelors Mushy Original Processed Peas,300g,N/A,$2.65,$8.83 per kg,https://foodlandbalaklava.com.au//lines/bachelors-mushy-peas-300g
Foodland Balaklava,2025-05-04 23:56:37,Bath Bombs,N/A,N/A,$7.00,N/A,https://foodlandbalaklava.com.au//lines/bath-bombs
Foodland Balaklava,2025-05-04 23:56:37,Batiste Blush Dry Shampoo | Travel Size | Floral Fragrance | Instant Hair Refresh |,30g,was $7.35,$6.20,$12.40 per 100mL,https://foodlandbalaklava.com.au//lines/batiste-s-poo-dry-blush-50ml
Foodland Balaklava,2025-05-04 23:56:37,Batiste Original Dry Shampoo | Citrus Fragrance | Instant Hair Refresh |,200mL,N/A,$14.70,$7.35 per 100mL,https://foodlandbalaklava.com.au//lines/batiste-s-poo-dry-orig-200ml
Foodland Balaklava,2025-05-04 23:56:37,Batiste Original Dry Shampoo | Travel Size | Citrus Fragrance | Instant Hair Refresh |​50 Ml,50mL,was $7.35,$6.20,$12.40 per 100mL,https://foodlandbalaklava.com.au//lines/batiste-s-poo-dry-chd-50ml
Foodland Balaklava,2025-05-04 23:56:37,Batiste Tropical Dry Shampoo | Coconut Fragrance | Instant Hair Refresh |,200mL,N/A,$14.70,$7.35 per 100mL,https://foodlandbalaklava.com.au//lines/batiste-s-poo-trop-dry-200ml
Foodland Balaklava,2025-05-04 23:56:38,Baxters Habanero & Pineapple Relish,235g,N/A,$5.65,$2.40 per 100g,https://foodlandbalaklava.com.au//lines/baxters-relish-hab-pine-235g
Foodland Balaklava,2025-05-04 23:56:38,BBQ Buddy Digital Thermometer,N/A,N/A,$26.78,N/A,https://foodlandbalaklava.com.au//lines/bbq-buddy-digital-thermometer
Foodland Balaklava,2025-05-04 23:56:38,BBQ Sausages,N/A,N/A,$5.99,N/A,https://foodlandbalaklava.com.au//lines/bbq-sausages-1
Foodland Balaklava,2025-05-04 23:56:38,Bc Bao Bun Chicken 2pk,160g,N/A,$8.00,$5.00 per 100g,https://foodlandbalaklava.com.au//lines/bc-bao-bun-chicken-2pk-160g
Foodland Balaklava,2025-05-04 23:56:38,Bc Bao Bun Pork 2pk,160g,N/A,$8.00,$5.00 per 100g,https://foodlandbalaklava.com.au//lines/bc-bao-bun-pork-2pk-160g
Foodland Balaklava,2025-05-04 23:56:38,Bc Beef Cold Rolls,2 x 160g,N/A,$8.50,$6.07 per 100g,https://foodlandbalaklava.com.au//lines/bc-beef-cold-rolls-2-x-160g
Foodland Balaklava,2025-05-04 23:56:38,Bc Califonia Munch Box,200g,N/A,$9.00,$4.50 per 100g,https://foodlandbalaklava.com.au//lines/bc-califonia-munch-box-200g
Foodland Balaklava,2025-05-04 23:56:38,Bc Chick Schnit & Avo Box,200g,N/A,$9.00,$4.50 per 100g,https://foodlandbalaklava.com.au//lines/bc-chick-schnit-avo-box-200g
Foodland Balaklava,2025-05-04 23:56:38,Bc Chicken Cold Roll 2pk,160g,N/A,$8.00,$5.00 per 100g,https://foodlandbalaklava.com.au//lines/bc-chicken-cold-roll-2pk-160g
Foodland Balaklava,2025-05-04 23:56:38,Bc Chicken Gyoza 5pcs,120g,N/A,$8.50,$2.43 per 100g,https://foodlandbalaklava.com.au//lines/bc-chicken-gyoza-5pcs-120g
Foodland Balaklava,2025-05-04 23:56:38,Bc Chicken Schnitzel 2pk,200g,N/A,$7.50,$3.75 per 100g,https://foodlandbalaklava.com.au//lines/bc-chicken-schnitzel-2pk-200g
Foodland Balaklava,2025-05-04 23:56:38,Bc Combo Teriyaki Chkn + Tuna,200g,N/A,$9.00,$4.50 per 100g,https://foodlandbalaklava.com.au//lines/bc-combo-teriyaki-chkn-tuna-200g
Foodland Balaklava,2025-05-04 23:56:38,Bc G/​Bread Lifesaver Shape,55g,N/A,$3.80,$6.91 per 100g,https://foodlandbalaklava.com.au//lines/bc-g-bread-lifesaver-shape-55gm
Foodland Balaklava,2025-05-04 23:56:38,Bc Karage Chicken Nuggets,140g,N/A,$8.50,$2.43 per 100g,https://foodlandbalaklava.com.au//lines/bc-karage-chicken-nuggets-140g
Foodland Balaklava,2025-05-04 23:56:38,Bc Poke Salmon Salad,380g,N/A,$10.50,$2.76 per 100g,https://foodlandbalaklava.com.au//lines/bc-poke-salmon-salad-380g
Foodland Balaklava,2025-05-04 23:56:38,Bc Prawn Cold Roll 2pk,160g,N/A,$8.00,$5.00 per 100g,https://foodlandbalaklava.com.au//lines/bc-prawn-cold-roll-2pk-160g
Foodland Balaklava,2025-05-04 23:56:38,Bc Ryo California 1pk,N/A,N/A,$3.50,$0.03 per g,https://foodlandbalaklava.com.au//lines/bc-ryo-california-1pk
Foodland Balaklava,2025-05-04 23:56:38,Bc Ryo Chicken Schnitzel 1pk,N/A,N/A,$3.50,$0.03 per g,https://foodlandbalaklava.com.au//lines/bc-ryo-chicken-schnitzel-1pk
Foodland Balaklava,2025-05-04 23:56:38,Bc Ryo Spicy Tuna 1pk,N/A,N/A,$3.50,$0.03 per g,https://foodlandbalaklava.com.au//lines/bc-ryo-spicy-tuna-1pk-1
Foodland Balaklava,2025-05-04 23:56:38,Bc Ryo Teriyaki Beef 1pk,N/A,N/A,$3.50,$0.03 per g,https://foodlandbalaklava.com.au//lines/bc-ryo-teriyaki-beef-1pk
Foodland Balaklava,2025-05-04 23:56:38,Bc Ryo Teriyaki Chicken 1pk,N/A,N/A,$3.50,$0.03 per g,https://foodlandbalaklava.com.au//lines/bc-ryo-teriyaki-chicken-1pk
Foodland Balaklava,2025-05-04 23:56:38,Bc Seafood Sushi&​Nigiri 7pcs,200g,N/A,$10.00,$5.00 per 100g,https://foodlandbalaklava.com.au//lines/bc-seafood-sushi-nigiri-7pcs-200g
Foodland Balaklava,2025-05-04 23:56:38,Bc Sriracha Pork 2pk,160g,N/A,$8.50,$5.31 per 100g,https://foodlandbalaklava.com.au//lines/bc-sriracha-pork-2pk-160g
Foodland Balaklava,2025-05-04 23:56:38,Bc Teriyaki Beef,200g,N/A,$9.00,$4.50 per 100g,https://foodlandbalaklava.com.au//lines/bc-teriyaki-beef-200g
Foodland Balaklava,2025-05-04 23:56:38,Bc Teriyaki Chick Munch Box,200g,N/A,$9.00,$4.50 per 100g,https://foodlandbalaklava.com.au//lines/bc-teriyaki-chick-munch-box-200g
Foodland Balaklava,2025-05-04 23:56:38,Bc Teriyaki Chkn Salad,380g,N/A,$10.00,$2.63 per 100g,https://foodlandbalaklava.com.au//lines/bc-teriyaki-chkn-salad-380g
Foodland Balaklava,2025-05-04 23:56:38,Bc Thai Beef Salad,380g,N/A,$10.00,$2.63 per 100g,https://foodlandbalaklava.com.au//lines/bc-thai-beef-salad-350g
Foodland Balaklava,2025-05-04 23:56:38,Bc Tuna Munch Box,200g,N/A,$9.00,$4.50 per 100g,https://foodlandbalaklava.com.au//lines/bc-tuna-munch-box-200g-1
Foodland Balaklava,2025-05-04 23:56:38,Bc Vietnamese Chicken Salad,380g,N/A,$10.00,$2.63 per 100g,https://foodlandbalaklava.com.au//lines/bc-vietnamese-chicken-salad-350g
Foodland Balaklava,2025-05-04 23:56:38,Bc Wasabi Salmon Salad,380g,N/A,$10.00,$2.63 per 100g,https://foodlandbalaklava.com.au//lines/bc-wasabi-salmon-salad-380g
Foodland Balaklava,2025-05-04 23:56:38,Beach Footy Aussie,N/A,N/A,$14.99,N/A,https://foodlandbalaklava.com.au//lines/beach-footy-aussie
Foodland Balaklava,2025-05-04 23:56:38,Beak & Sons Pulled Pork Mex,800g,N/A,$22.60,$28.25 per kg,https://foodlandbalaklava.com.au//lines/beak-sons-pork-pulld-mex-800g
Foodland Balaklava,2025-05-04 23:56:38,Bean Sprouts Loose,350g,N/A,$3.60,$10.29 per kg,https://foodlandbalaklava.com.au//lines/bean-sprouts-loose-350g-1
Foodland Balaklava,2025-05-04 23:56:38,Beans,250g,N/A,$4.00,$16.00 per kg,https://foodlandbalaklava.com.au//lines/beans-250g
Foodland Balaklava,2025-05-04 23:56:38,Bee Vital Organic Apple Cider Vinegar,500mL,N/A,$5.80,$1.16 per 100mL,https://foodlandbalaklava.com.au//lines/bee-vital-apl-cdr-vinegar500ml
Foodland Balaklava,2025-05-04 23:56:38,Beechworth Honey Upside Down,400g,N/A,$8.60,$2.15 per 100g,https://foodlandbalaklava.com.au//lines/beechworth-honey-pure-sq-400gm
Foodland Balaklava,2025-05-04 23:56:38,Beef Stroganoff Rw,N/A,N/A,$28.50,N/A,https://foodlandbalaklava.com.au//lines/beef-stroganoff-rw
Foodland Balaklava,2025-05-04 23:56:38,Beef Tenderloin R/​W,N/A,was $32.99,$30.00,N/A,https://foodlandbalaklava.com.au//lines/beef-tenderloin-r-w
Foodland Balaklava,2025-05-04 23:56:38,Beenberg BBQ Onion Mustard,165g,N/A,$4.90,$3.27 per 100g,https://foodlandbalaklava.com.au//lines/beerenbrg-mustrd-bbq-onion-165gm
Foodland Balaklava,2025-05-04 23:56:38,Beenberg Smokey Honey Mustard,155g,N/A,$4.90,$3.27 per 100g,https://foodlandbalaklava.com.au//lines/beerenbrg-mustrd-smky-honey-155gm
Foodland Balaklava,2025-05-04 23:56:38,Beerenberg Apple Sauce,160g,N/A,$4.80,$3.00 per 100g,https://foodlandbalaklava.com.au//lines/beerenbrg-sce-apple-160gm
Foodland Balaklava,2025-05-04 23:56:38,Beerenberg Apricot Jam,300g,N/A,$6.20,$2.07 per 100g,https://foodlandbalaklava.com.au//lines/beerenbrg-jam-apricot-300gm
Foodland Balaklava,2025-05-04 23:56:38,Beerenberg Australian Breakfast Marmalade,300g,N/A,$6.20,$2.07 per 100g,https://foodlandbalaklava.com.au//lines/beerenberg-marm-breakfast300gm
Foodland Balaklava,2025-05-04 23:56:38,Beerenberg Australian Corn Relish,160g,N/A,$4.70,$1.62 per 100g,https://foodlandbalaklava.com.au//lines/beerenbrg-corn-relish-160gm
Foodland Balaklava,2025-05-04 23:56:38,Beerenberg Blackberry Jam,300g,N/A,$6.20,$2.07 per 100g,https://foodlandbalaklava.com.au//lines/beerenbrg-jam-blckbry-300gm
Foodland Balaklava,2025-05-04 23:56:38,Beerenberg Buffalo Wing Dipping Sauce,155g,N/A,$4.80,$3.10 per 100g,https://foodlandbalaklava.com.au//lines/b-berg-buffalo-wng-dip-sce-160g
Foodland Balaklava,2025-05-04 23:56:38,Beerenberg Caramelised Fig Jam,300g,N/A,$6.20,$2.07 per 100g,https://foodlandbalaklava.com.au//lines/beerenberg-jam-crmlsd-fig300gm
Foodland Balaklava,2025-05-04 23:56:38,Beerenberg Chipotle Ranch Sauce,300mL,N/A,$6.50,$2.17 per 100mL,https://foodlandbalaklava.com.au//lines/beerenberg-chipotle-ranch-sauce-300ml
Foodland Balaklava,2025-05-04 23:56:39,Beerenberg Chutney Fruit,180g,N/A,$4.70,$1.81 per 100g,https://foodlandbalaklava.com.au//lines/beerenberg-chutney-fruit-180g
Foodland Balaklava,2025-05-04 23:56:39,Beerenberg Chutney Taka,280g,N/A,$5.90,$2.11 per 100g,https://foodlandbalaklava.com.au//lines/beerenberg-sce-taka-chut-280gm
Foodland Balaklava,2025-05-04 23:56:39,Beerenberg Chutny Mango,280g,N/A,$5.90,$2.11 per 100g,https://foodlandbalaklava.com.au//lines/beerenbrg-chutny-mango-290g
Foodland Balaklava,2025-05-04 23:56:39,Beerenberg Cranberry Sauce,175g,N/A,$5.95,$3.40 per 100g,https://foodlandbalaklava.com.au//lines/beerenbrg-sce-cranberry-175gm
Foodland Balaklava,2025-05-04 23:56:39,Beerenberg Dres Lme Chil,300mL,N/A,$6.00,$2.00 per 100mL,https://foodlandbalaklava.com.au//lines/beerenberg-dres-lme-chil-300ml
Foodland Balaklava,2025-05-04 23:56:39,Beerenberg Fig & Pomegranate For Cheese,190g,N/A,$5.50,$2.89 per 100g,https://foodlandbalaklava.com.au//lines/beerenbrg-4-chs-fig-pom-190gm
Foodland Balaklava,2025-05-04 23:56:39,Beerenberg Green Tomato Pickle,260g,N/A,$5.90,$2.27 per 100g,https://foodlandbalaklava.com.au//lines/beerenberg-chutney-g-tom-260gm
Foodland Balaklava,2025-05-04 23:56:39,Beerenberg Hny Orng Bloss,335g,N/A,$8.60,$2.57 per 100g,https://foodlandbalaklava.com.au//lines/beerenbrg-orng-blsm-honey-300gm
Foodland Balaklava,2025-05-04 23:56:39,Beerenberg Honey BBQ Sauce,300mL,N/A,$6.50,$2.17 per 100mL,https://foodlandbalaklava.com.au//lines/beerenberg-sce-honey-bbq-300ml
Foodland Balaklava,2025-05-04 23:56:39,Beerenberg Honey Blue Gum335gm,N/A,N/A,$8.60,$2.57 per 100g,https://foodlandbalaklava.com.au//lines/beerenberg-honey-blue-gum335gm
Foodland Balaklava,2025-05-04 23:56:39,Beerenberg Lemon & Caper Dressing,300mL,N/A,$6.00,$2.00 per 100mL,https://foodlandbalaklava.com.au//lines/beerenberg-dres-lem-cpr-300ml
Foodland Balaklava,2025-05-04 23:56:39,Beerenberg Lemon & Lime Curd,N/A,N/A,$6.50,$2.17 per 100g,https://foodlandbalaklava.com.au//lines/beerenbrg-lem-lime-curd-300gm
Foodland Balaklava,2025-05-04 23:56:39,Beerenberg Meal Base Chicken Paella,240mL,N/A,$6.50,$2.71 per 100mL,https://foodlandbalaklava.com.au//lines/beerenberg-bse-ck-crz-pae240ml
Foodland Balaklava,2025-05-04 23:56:39,Beerenberg Meal Base Mexican,240mL,N/A,$6.50,$2.71 per 100mL,https://foodlandbalaklava.com.au//lines/beerenberg-base-mex-1-pot240ml
Foodland Balaklava,2025-05-04 23:56:39,Beerenberg Meal Base Miso Pork,240mL,N/A,$6.50,$2.71 per 100mL,https://foodlandbalaklava.com.au//lines/beerenberg-bse-mpl-pk-ml-240ml
Foodland Balaklava,2025-05-04 23:56:39,Beerenberg Mint Jelly,185g,N/A,$4.50,N/A,https://foodlandbalaklava.com.au//lines/beerenbrg-mint-jelly-185gm
Foodland Balaklava,2025-05-04 23:56:39,Beerenberg Mushroom Stroganoff,240mL,N/A,$6.00,$2.50 per 100mL,https://foodlandbalaklava.com.au//lines/beerenberg-bse-m-r-strog-240ml
Foodland Balaklava,2025-05-04 23:56:39,Beerenberg Olive Oil,500mL,N/A,$17.00,$3.40 per 100mL,https://foodlandbalaklava.com.au//lines/beerenberg-olive-oil-500ml
Foodland Balaklava,2025-05-04 23:56:39,Beerenberg Orange Marmalade,300g,N/A,$6.20,$2.07 per 100g,https://foodlandbalaklava.com.au//lines/beerenbrg-mrmlade-orange-300gm
Foodland Balaklava,2025-05-04 23:56:39,Beerenberg Pale Ale Mustard,150g,N/A,$4.90,$3.27 per 100g,https://foodlandbalaklava.com.au//lines/beerenbrg-mustrd-pale-ale-150gm
Foodland Balaklava,2025-05-04 23:56:39,Beerenberg Raspberry Jam,300g,N/A,$6.20,$2.07 per 100g,https://foodlandbalaklava.com.au//lines/b-berg-jam-rasbry-300gm
Foodland Balaklava,2025-05-04 23:56:39,Beerenberg Relish Tom&​C/​P,265g,N/A,$5.90,$2.23 per 100g,https://foodlandbalaklava.com.au//lines/beerenbrg-relish-tom-c-p-280gm
Foodland Balaklava,2025-05-04 23:56:39,Beerenberg Roadhouse Steak Sauce,300mL,N/A,$7.00,$2.33 per 100mL,https://foodlandbalaklava.com.au//lines/beerenbrg-sce-r-hse-steak300ml
Foodland Balaklava,2025-05-04 23:56:39,Beerenberg Sauce BBQ,300mL,N/A,$6.00,$2.00 per 100mL,https://foodlandbalaklava.com.au//lines/beerenbrg-sce-bbq-300ml
Foodland Balaklava,2025-05-04 23:56:39,Beerenberg Sauce Hungarian Beef Goulash,240mL,N/A,$6.50,$2.71 per 100mL,https://foodlandbalaklava.com.au//lines/beerenberg-sc-beef-glash-240ml
Foodland Balaklava,2025-05-04 23:56:39,Beerenberg Sce Tartare,155g,N/A,$4.50,$2.90 per 100mL,https://foodlandbalaklava.com.au//lines/beerenbrg-sce-tartare-155gm
Foodland Balaklava,2025-05-04 23:56:39,Beerenberg Seafood Sauce,150g,N/A,$5.95,$3.97 per 100g,https://foodlandbalaklava.com.au//lines/beerenbrg-sce-seafood-150gm
Foodland Balaklava,2025-05-04 23:56:39,Beerenberg Slow Cooker French Chicken,240mL,N/A,$6.50,$2.71 per 100mL,https://foodlandbalaklava.com.au//lines/beerenberg-sc-frnch-chkn-240ml
Foodland Balaklava,2025-05-04 23:56:39,"Beerenberg Soy, Garlic & Ginger Dipping Sauce",195g,N/A,$4.70,$2.41 per 100g,https://foodlandbalaklava.com.au//lines/b-berg-soy-gar-ging-dip-sce-160g
Foodland Balaklava,2025-05-04 23:56:39,Beerenberg Sweet Chilli Relish,180g,N/A,$4.70,$1.81 per 100g,https://foodlandbalaklava.com.au//lines/b-berg-swt-chilli-relish-180g
Foodland Balaklava,2025-05-04 23:56:39,Beerenberg Sweet Mustard Pickles,265g,N/A,$6.20,$2.34 per 100g,https://foodlandbalaklava.com.au//lines/beerenberg-m-pickles-swt-265g
Foodland Balaklava,2025-05-04 23:56:39,Bega Cheese Lactose Free Stringers 12pk,160g,was $7.35,$6.50,$40.62 per kg,https://foodlandbalaklava.com.au//lines/bega-chse-strngr-l-fr-8s-160gm
Foodland Balaklava,2025-05-04 23:56:39,Bega Chse&​Crkr Tasty,4 x 28g,N/A,$7.35,$65.62 per kg,https://foodlandbalaklava.com.au//lines/bega-chse-crkr-tasty-4-x-28g
Foodland Balaklava,2025-05-04 23:56:39,Bega Country Light Vintage Cheese,500g,N/A,$9.50,$19.00 per kg,https://foodlandbalaklava.com.au//lines/bega-chse-so-light-vint-500gm
Foodland Balaklava,2025-05-04 23:56:39,Bega Cream Cheese Spread,500g,N/A,$7.00,$1.40 per 100g,https://foodlandbalaklava.com.au//lines/bega-crm-chse-sprd-bold-500gm
Foodland Balaklava,2025-05-04 23:56:39,Bega Cream Cheese Spread Original,250g,N/A,$4.30,$1.72 per 100g,https://foodlandbalaklava.com.au//lines/bega-crm-chse-sprd-orig-250gm
Foodland Balaklava,2025-05-04 23:56:39,Bega Dairy Farmers Unsalted Butter Block,500g,was $7.60,$7.25,$1.45 per 100g,https://foodlandbalaklava.com.au//lines/d-farm-btr-unsltd-blk-500gm
Foodland Balaklava,2025-05-04 23:56:39,Bega Farmer's Tasty Bar-B-Cubes Cheese,500g,was $11.05,$10.00,$20.00 per kg,https://foodlandbalaklava.com.au//lines/bega-chse-b-b-q-cubes-500gm
Foodland Balaklava,2025-05-04 23:56:39,Bega Farmer’​S Tasty Cheese & Crackers,38g,N/A,$3.15,$82.89 per kg,https://foodlandbalaklava.com.au//lines/bega-chse-crkr-tasty-38g
Foodland Balaklava,2025-05-04 23:56:39,Bega Original Slices,216g,N/A,$5.55,$25.69 per kg,https://foodlandbalaklava.com.au//lines/bega-chse-slc-reg-216g
Foodland Balaklava,2025-05-04 23:56:39,Bega Peanut Butter Crunchy,200g,N/A,$3.90,$1.95 per 100g,https://foodlandbalaklava.com.au//lines/bega-peanut-btr-crunchy-200gm
Foodland Balaklava,2025-05-04 23:56:39,Bega Peanut Spread Crunchy - Light,470g,was $7.25,$4.95,$1.05 per 100g,https://foodlandbalaklava.com.au//lines/bega-peanut-btr-crnch-lgt470gm
Foodland Balaklava,2025-05-04 23:56:39,Bega Peanut Spread Smooth - Light,470g,was $7.25,$4.95,$1.05 per 100g,https://foodlandbalaklava.com.au//lines/bega-peanut-btr-smth-lgt-470gm
Foodland Balaklava,2025-05-04 23:56:39,Bega Simply Nuts Natural Peanut Butter Crunchiest,650g,N/A,$8.00,$1.23 per 100g,https://foodlandbalaklava.com.au//lines/bega-simply-nuts-crnchest650gm
Foodland Balaklava,2025-05-04 23:56:39,Bega Simply Nuts Natural Peanut Butter Crunchy,325g,was $5.80,$3.90,$1.20 per 100g,https://foodlandbalaklava.com.au//lines/bega-simply-nuts-crunchy-325gm
Foodland Balaklava,2025-05-04 23:56:39,Bega Simply Nuts Natural Peanut Butter Crunchy,650g,N/A,$8.00,$1.23 per 100g,https://foodlandbalaklava.com.au//lines/bega-simply-nuts-crunchy-650gm
Foodland Balaklava,2025-05-04 23:56:39,Bega Simply Nuts Natural Peanut Butter Smooth,650g,N/A,$8.00,$1.23 per 100g,https://foodlandbalaklava.com.au//lines/bega-simply-nuts-smooth-650gm
Foodland Balaklava,2025-05-04 23:56:39,Bega Stringers Cheddar Cheese 8 Pack,N/A,was $7.35,$6.50,$40.62 per kg,https://foodlandbalaklava.com.au//lines/bega-chse-strngr-ched-8s160gm
Foodland Balaklava,2025-05-04 23:56:40,Bega Strong & Bitey Vintage Cheese,500g,N/A,$9.50,$19.00 per kg,https://foodlandbalaklava.com.au//lines/bega-chse-vint-s-bty-blok500gm
Foodland Balaklava,2025-05-04 23:56:40,Bega Strong & Bitey Vintage Cheese And Crackers 4 Pack X,28g,N/A,$7.35,$65.62 per kg,https://foodlandbalaklava.com.au//lines/bega-chse-crkr-vint-s-b-4-x-28g
Foodland Balaklava,2025-05-04 23:56:40,Bega Strong & Bitey Vintage Natural Cheese Slices,250g,was $7.90,$5.50,$22.00 per kg,https://foodlandbalaklava.com.au//lines/bega-chse-chdr-st-bty-slc250gm
Foodland Balaklava,2025-05-04 23:56:40,Bega Strong & Bitey Vintage Natural Cheese Slices,500g,was $11.55,$11.00,$22.00 per kg,https://foodlandbalaklava.com.au//lines/bega-chse-chdr-st-bty-slc500gm
Foodland Balaklava,2025-05-04 23:56:40,Bega Super Crunchy Peanut Butter,470g,was $7.25,$4.95,$1.05 per 100g,https://foodlandbalaklava.com.au//lines/bega-peanut-btr-sup-crnch470gm
Foodland Balaklava,2025-05-04 23:56:40,Bel Laughing Cow Pantry Pack,120g,N/A,$5.40,$45.00 per kg,https://foodlandbalaklava.com.au//lines/bel-laughing-cow-chs-p-pk120gm
Foodland Balaklava,2025-05-04 23:56:40,Belladotti Salad Toppers Caesar Bits,100g,N/A,$4.00,$4.00 per 100g,https://foodlandbalaklava.com.au//lines/s-top-caesar-bits-100g
Foodland Balaklava,2025-05-04 23:56:40,Bellamy's Oranic Apple & Cinnamon Porride,125g,N/A,$4.40,$3.52 per 100g,https://foodlandbalaklava.com.au//lines/bellamys-org-ap-cin-cer-125gm
Foodland Balaklava,2025-05-04 23:56:40,Bellamy's Oranic Banana Apple Porride,120g,N/A,$2.40,$2.00 per 100g,https://foodlandbalaklava.com.au//lines/bellamys-org-porr-ban-apl120gm
Foodland Balaklava,2025-05-04 23:56:40,Bellamys Org Cust Van&​Pe,120g,N/A,$2.40,$2.00 per 100g,https://foodlandbalaklava.com.au//lines/bellamys-org-cust-van-pe-120gm
Foodland Balaklava,2025-05-04 23:56:40,Bellis Bars Apricot Strawberry Raspberry,14 x 280g,N/A,$6.20,N/A,https://foodlandbalaklava.com.au//lines/bellis-bars-assorted-280g
Foodland Balaklava,2025-05-04 23:56:40,Bellis Sch/​Bar Choc Apricot,160g,N/A,$3.90,$2.44 per 100g,https://foodlandbalaklava.com.au//lines/bellis-sch-bar-choc-apric160gm
Foodland Balaklava,2025-05-04 23:56:40,Bellis School Bar Chocolate Strawberry,160g,N/A,$3.90,$2.44 per 100g,https://foodlandbalaklava.com.au//lines/bellis-sch-bar-choc-s-bry160gm
Foodland Balaklava,2025-05-04 23:56:40,Bellissimo Olv Gar&​Chil,165g,N/A,$4.75,$28.79 per kg,https://foodlandbalaklava.com.au//lines/bellissimo-olv-gar-chil-165gm
Foodland Balaklava,2025-05-04 23:56:40,Belvita Breakfast Biscuits Milk & Cereals,300g,was $4.75,$4.00,$1.33 per 100g,https://foodlandbalaklava.com.au//lines/belvita-bfast-mlk-cereal-300g
Foodland Balaklava,2025-05-04 23:56:40,Belvita Chocolate Breakfast Biscuits,300g,was $4.75,$4.00,$1.33 per 100g,https://foodlandbalaklava.com.au//lines/belvita-bfast-chocolate-300gm
Foodland Balaklava,2025-05-04 23:56:40,Ben's Original Brown Microwave Rice Pouch,250g,was $3.55,$3.20,$1.28 per 100g,https://foodlandbalaklava.com.au//lines/bens-rice-brown-orig-250gm
Foodland Balaklava,2025-05-04 23:56:40,"Ben's Original Brown, Red & Wild Rice Medley Microwave Rice Pouch",250g,was $3.55,$3.20,$1.28 per 100g,https://foodlandbalaklava.com.au//lines/bens-rice-exp-medly-250gm
Foodland Balaklava,2025-05-04 23:56:40,"Ben's Original Coconut, Chilli And Lemongrass Microwave Rice Pouch",250g,was $4.20,$3.60,$1.44 per 100g,https://foodlandbalaklava.com.au//lines/bens-rice-c-chili-l-grs250gm
Foodland Balaklava,2025-05-04 23:56:40,Ben's Original Golden Vegetable Microwave Rice Pouch,250g,was $4.20,$3.60,$1.44 per 100g,https://foodlandbalaklava.com.au//lines/bens-org-golden-vegetable-250g-1
Foodland Balaklava,2025-05-04 23:56:40,Ben's Original Indian Style Spiced Microwave Rice Pouch,250g,was $4.20,$3.60,$1.44 per 100g,https://foodlandbalaklava.com.au//lines/bens-orig-ind-sty-spice-250gm-1
Foodland Balaklava,2025-05-04 23:56:40,Ben's Original Lightly Flavoured Coconut Microwave Rice Pouch,250g,was $4.20,$3.60,$1.44 per 100g,https://foodlandbalaklava.com.au//lines/bens-rice-exp-coco-flav-250gm
Foodland Balaklava,2025-05-04 23:56:40,Ben's Original Lightly Flavoured Garlic Microwave Rice Pouch,250g,was $4.20,$3.60,$1.44 per 100g,https://foodlandbalaklava.com.au//lines/uncle-bens-rice-rst-grlc-250gm-1
Foodland Balaklava,2025-05-04 23:56:40,Ben's Original Lightly Flavoured Lime Microwave Rice Pouch,250g,N/A,$4.20,$1.68 per 100g,https://foodlandbalaklava.com.au//lines/bens-orig-rice-flav-lime-250g
Foodland Balaklava,2025-05-04 23:56:40,Ben's Original Long Grain Microwave Rice Pouch,250g,was $3.55,$3.20,$1.28 per 100g,https://foodlandbalaklava.com.au//lines/bens-rice-l-grain-pouch-250g
Foodland Balaklava,2025-05-04 23:56:40,Ben's Original Mexican Style Brown Microwave Rice Pouch,250g,was $4.20,$3.60,$1.44 per 100g,https://foodlandbalaklava.com.au//lines/bens-orig-brwn-rice-mex-250g
Foodland Balaklava,2025-05-04 23:56:40,Ben's Original Mexican Style Microwave Rice Pouch,250g,was $4.20,$3.60,$1.44 per 100g,https://foodlandbalaklava.com.au//lines/bens-orig-rice-mexican-250gm
Foodland Balaklava,2025-05-04 23:56:40,Ben's Original Mushroom Risotto Microwave Rice Pouch,250g,was $4.75,$3.00,$1.20 per 100g,https://foodlandbalaklava.com.au//lines/bens-orig-rice-ris-mshrm-250gm
Foodland Balaklava,2025-05-04 23:56:40,Ben's Original One Pan Indonesian Style Nasi Goreng Rice,250g,N/A,$4.20,$1.68 per 100g,https://foodlandbalaklava.com.au//lines/bens-orig-rice-nasi-gor-250g
Foodland Balaklava,2025-05-04 23:56:40,Ben's Original Peri Peri Microwave Rice Pouch,240g,was $4.20,$3.60,$1.50 per 100g,https://foodlandbalaklava.com.au//lines/bens-orig-t-away-periperi-240g
Foodland Balaklava,2025-05-04 23:56:40,Ben's Original Plain Basmati Microwave Rice Pouch,250g,was $3.55,$3.20,$1.28 per 100g,https://foodlandbalaklava.com.au//lines/bens-orig-rice-basmati-250gm
Foodland Balaklava,2025-05-04 23:56:40,Ben's Original Tomato & Basil Microwave Rice Pouch,250g,was $4.20,$3.60,$1.44 per 100g,https://foodlandbalaklava.com.au//lines/bens-orig-rice-tom-basil-250gm
Foodland Balaklava,2025-05-04 23:56:40,Beoprene Beach Soccer Aussie,N/A,N/A,$15.00,N/A,https://foodlandbalaklava.com.au//lines/beoprene-beach-soccer-aussie-1
Foodland Balaklava,2025-05-04 23:56:40,Bepanthen Antiseptic Soothing Cream,100g,N/A,$18.40,$18.40 per 100g,https://foodlandbalaklava.com.au//lines/bepanthen-baby-rash-crm-100gm
Foodland Balaklava,2025-05-04 23:56:40,Bepanthen Nappy Rash Ointment,100g,N/A,$15.50,$15.50 per 100g,https://foodlandbalaklava.com.au//lines/bepanthen-ointment-100gm
Foodland Balaklava,2025-05-04 23:56:40,Berenberg Ranch Gourmet Dressing,300mL,N/A,$6.00,$2.00 per 100mL,https://foodlandbalaklava.com.au//lines/beerenbrg-dressng-ranch-300ml
Foodland Balaklava,2025-05-04 23:56:40,Berenberg Worcesteshire Sauce,300mL,N/A,$5.70,$1.90 per 100mL,https://foodlandbalaklava.com.au//lines/beerenbrg-sce-w-shire-300ml
Foodland Balaklava,2025-05-04 23:56:40,Berocca Energy Vitamin B & C Mango & Orange Flavour Effervescent Tablets 15 Pack,N/A,was $11.55,$8.70,$58.00 Units100,https://foodlandbalaklava.com.au//lines/berocca-perf-eff-orng-mngo-15s
Foodland Balaklava,2025-05-04 23:56:40,Berocca Energy Vitamin B & C Orange Flavour Effervescent Tablets 15 Pack,N/A,was $11.55,$8.70,$58.00 Units100,https://foodlandbalaklava.com.au//lines/berocca-perf-eff-orange-15s
Foodland Balaklava,2025-05-04 23:56:40,Berocca Energy Vitamin B & C Orange Flavour Effervescent Tablets 30 Pack,N/A,was $19.95,$14.80,$49.33 Units100,https://foodlandbalaklava.com.au//lines/berocca-perf-eff-orange-30s
Foodland Balaklava,2025-05-04 23:56:40,Berocca Energy Vitamin B & C Orange Flavour Twist N Go Energy Drink,250mL,was $5.80,$4.95,$1.98 per 100g,https://foodlandbalaklava.com.au//lines/berocca-drink-perf-orng-250ml
Foodland Balaklava,2025-05-04 23:56:40,Berocca Energy Vitamin B & C Original Berry Flavour Effervescent Tablets 15 Pack,N/A,was $11.55,$8.70,$58.00 Units100,https://foodlandbalaklava.com.au//lines/berocca-perf-eff-original-15s
Foodland Balaklava,2025-05-04 23:56:40,Berocca Energy Vitamin B & C Original Berry Flavour Effervescent Tablets 30 Pack,N/A,was $19.95,$14.80,$49.33 Units100,https://foodlandbalaklava.com.au//lines/berocca-perf-eff-original-30s
Foodland Balaklava,2025-05-04 23:56:40,Berocca Energy Vitamin B & C Original Berry Flavour Twist N Go Energy Drink,250mL,was $5.80,$4.95,$1.98 per 100g,https://foodlandbalaklava.com.au//lines/berocca-drink-perf-orig-250ml
Foodland Balaklava,2025-05-04 23:56:40,Berocca Go Lemon Zinger,250mL,was $4.60,$2.00,$0.80 per 100mL,https://foodlandbalaklava.com.au//lines/berocca-go-lemon-zinger-250ml
Foodland Balaklava,2025-05-04 23:56:40,Berocca Go Paradise Punch,250mL,was $4.60,$2.00,$0.80 per 100mL,https://foodlandbalaklava.com.au//lines/berocca-go-paradise-punch-250ml
Foodland Balaklava,2025-05-04 23:56:40,Berocca Go W/​Melon Blast,250mL,was $4.60,$2.00,$0.80 per 100mL,https://foodlandbalaklava.com.au//lines/berocca-go-w-melon-blast-250ml
Foodland Balaklava,2025-05-04 23:56:40,Bertocchi Diced Bacon,300g,N/A,$6.70,$2.23 per 100g,https://foodlandbalaklava.com.au//lines/bertocchi-diced-bacon-300g
Foodland Balaklava,2025-05-04 23:56:45,Bertocchi Ham Steaks,450g,N/A,$6.50,$1.44 per 100g,https://foodlandbalaklava.com.au//lines/bertocchi-ham-steaks-450g
Foodland Balaklava,2025-05-04 23:56:45,Best Foods Mayonnaise Jar,405g,N/A,$6.85,$1.69 per 100g,https://foodlandbalaklava.com.au//lines/best-foods-mayonnaise-405g
Foodland Balaklava,2025-05-04 23:56:45,Betadine Antiseptic First Aid Cream,20g,N/A,$13.15,$65.75 per 100g,https://foodlandbalaklava.com.au//lines/betadine-first-aid-cream-20gm
Foodland Balaklava,2025-05-04 23:56:45,Betadine Antiseptic Ointment,25g,N/A,$14.70,$58.80 per 100g,https://foodlandbalaklava.com.au//lines/betadine-antiseptic-oint-25gm
Foodland Balaklava,2025-05-04 23:56:45,Betadine Antiseptic Topical Solution,15mL,N/A,$14.70,$98.00 per 100mL,https://foodlandbalaklava.com.au//lines/betadine-anti-top-sol-15ml
Foodland Balaklava,2025-05-04 23:56:45,Betadine Ready To Use Sore Throat Gargle,120mL,was $17.00,$13.60,$11.33 per 100mL,https://foodlandbalaklava.com.au//lines/betadine-sore-throat-gar-120ml
Foodland Balaklava,2025-05-04 23:56:45,Betadine Sore Throat Gargle Concentrated,15mL,N/A,$15.75,$105.00 per 100mL,https://foodlandbalaklava.com.au//lines/betadine-sore-thrtgar-con-15ml
Foodland Balaklava,2025-05-04 23:56:45,Betadine Sore Throat Lozenges Honey & Lemon 16 Pack,N/A,N/A,$7.10,$0.44 Each,https://foodlandbalaklava.com.au//lines/betadine-throat-loz-hn-lem-16s
Foodland Balaklava,2025-05-04 23:56:45,Betty Crocker Apple Cinnamon Low Fat Muffin Mi,500g,N/A,$7.35,$1.47 per 100g,https://foodlandbalaklava.com.au//lines/b-crock-muf-l-f-appl-cinm500gm
Foodland Balaklava,2025-05-04 23:56:45,Betty Crocker Blueberry Low Fat Muffin Mix,500g,N/A,$7.35,$1.47 per 100g,https://foodlandbalaklava.com.au//lines/b-crock-muf-l-f-b-berry-500gm
Foodland Balaklava,2025-05-04 23:56:45,Betty Crocker Chocolate Cupcake Mix,370g,N/A,$6.30,$1.70 per 100g,https://foodlandbalaklava.com.au//lines/b-crock-c-cake-choc-370gm
Foodland Balaklava,2025-05-04 23:56:45,Betty Crocker Chocolate Gluten Free Frosting,400g,N/A,$6.85,$1.71 per 100g,https://foodlandbalaklava.com.au//lines/b-crock-frost-chocolate-400gm
Foodland Balaklava,2025-05-04 23:56:45,Betty Crocker Chocolate Sugar Free Muffin Mix,320g,N/A,$7.35,$2.30 per 100g,https://foodlandbalaklava.com.au//lines/b-crock-muf-mx-smrt-choc-320gm
Foodland Balaklava,2025-05-04 23:56:45,Betty Crocker Cinnamon Crumble Muffin Mix,500g,N/A,$7.35,$1.47 per 100g,https://foodlandbalaklava.com.au//lines/b-crock-muf-cinnamon-crmbl500g
Foodland Balaklava,2025-05-04 23:56:45,Betty Crocker Creamy Deluxe Cream Cheese Flavoured Frosting,400g,N/A,$6.85,$1.71 per 100g,https://foodlandbalaklava.com.au//lines/b-crock-frost-crm-cheese-400gm
Foodland Balaklava,2025-05-04 23:56:45,Betty Crocker Devils Food Gluten Free Cake Mix,550g,N/A,$8.40,$1.53 per 100g,https://foodlandbalaklava.com.au//lines/b-crock-c-mx-dvls-fd-g-f-550gm
Foodland Balaklava,2025-05-04 23:56:45,Betty Crocker Frosted Chocolate Brownie Mix,500g,N/A,$7.35,$1.47 per 100g,https://foodlandbalaklava.com.au//lines/b-crock-brwnie-frstd-choc500gm
Foodland Balaklava,2025-05-04 23:56:45,Betty Crocker Milk Chocolate Chunk Cookie Mix,485g,N/A,$7.35,$1.52 per 100g,https://foodlandbalaklava.com.au//lines/b-crock-ckie-choc-chunk-485gm
Foodland Balaklava,2025-05-04 23:56:45,Betty Crocker Rainbow Chip Party Cake Mix,450g,N/A,$6.30,$1.40 per 100g,https://foodlandbalaklava.com.au//lines/b-crock-c-mix-prty-rnbw-450gm
Foodland Balaklava,2025-05-04 23:56:45,Betty Crocker Strawberry Gluten Free Frosting,400g,N/A,$6.85,$1.71 per 100g,https://foodlandbalaklava.com.au//lines/b-crock-frost-strwberry-400gm
Foodland Balaklava,2025-05-04 23:56:45,Betty Crocker Triple Chocolate Brownie Mix,500g,N/A,$7.35,$1.47 per 100g,https://foodlandbalaklava.com.au//lines/b-crock-brwnie-fdg-trp-ch500gm
Foodland Balaklava,2025-05-04 23:56:45,Betty Crocker Vanilla Gluten Free Frosting,400g,N/A,$6.85,$1.71 per 100g,https://foodlandbalaklava.com.au//lines/b-crock-frost-vanilla-400gm
Foodland Balaklava,2025-05-04 23:56:45,Betty Crocker Vanilla Sugar Free Muffin Mix,320g,N/A,$7.35,$2.30 per 100g,https://foodlandbalaklava.com.au//lines/b-crock-muf-mx-smrt-van-320gm
Foodland Balaklava,2025-05-04 23:56:45,Bff Trad BBQ Sausages,480g,N/A,$8.00,$1.67 per 100g,https://foodlandbalaklava.com.au//lines/bff-trad-bbq-sausages-480g
Foodland Balaklava,2025-05-04 23:56:45,Bfree Sweet Potato Wraps,210g,N/A,$8.80,$4.19 per 100g,https://foodlandbalaklava.com.au//lines/bfree-wrap-5-sweet-pot-210gm
Foodland Balaklava,2025-05-04 23:56:45,Bibigo Dumpl H/​S Prk,250g,N/A,$6.85,$2.74 per 100g,https://foodlandbalaklava.com.au//lines/bibigo-dumpl-h-s-prk-250g
Foodland Balaklava,2025-05-04 23:56:45,Bibigo Dumpl H/​S Prk&​Kim,250g,N/A,$6.85,$2.74 per 100g,https://foodlandbalaklava.com.au//lines/bibigo-dumpl-h-s-prk-kim-250g
Foodland Balaklava,2025-05-04 23:56:45,Bic 1 Sensitive Single Blade Disposable Razors 15 Pack 15pk,N/A,was $7.35,$5.95,$0.40 Each,https://foodlandbalaklava.com.au//lines/bic-disp-shaver-sens834778-15s
Foodland Balaklava,2025-05-04 23:56:45,Bic 4 Colours Ballpoint Pens Fun & Unicorn Edition 3 Pack,N/A,N/A,$10.50,N/A,https://foodlandbalaklava.com.au//lines/bic-4-colour-unicorn-pastl-3pk
Foodland Balaklava,2025-05-04 23:56:45,Bic 4 Colours Limited Edition Design Ballpoint Pens 3 Pack,N/A,N/A,$10.50,N/A,https://foodlandbalaklava.com.au//lines/bic-4-colour-animal-print-bp
Foodland Balaklava,2025-05-04 23:56:45,Bic 4 Colours Original Ballpoint Pens 3 Pack,N/A,N/A,$9.45,$3.15 Each,https://foodlandbalaklava.com.au//lines/bic-4-colour-pen-bp-3-1
Foodland Balaklava,2025-05-04 23:56:45,Bic 4 Colours Pen Pastel 3 Pack,N/A,N/A,$10.50,N/A,https://foodlandbalaklava.com.au//lines/bic-4-colour-pastel-3pk
Foodland Balaklava,2025-05-04 23:56:45,Bic 4 Colours Shine Ballpoint Pen 1 Pack,N/A,N/A,$4.10,N/A,https://foodlandbalaklava.com.au//lines/bic-pen-4col-shine-1pk
Foodland Balaklava,2025-05-04 23:56:45,Bic Atlantis Retractable Ballpoint Pens Blue 4 Pack,N/A,N/A,$6.30,N/A,https://foodlandbalaklava.com.au//lines/bic-atlantis-retrctble-blu-4pk-1
Foodland Balaklava,2025-05-04 23:56:45,Bic Briteliner Highlighter Assorted 2 Each,N/A,N/A,$3.78,N/A,https://foodlandbalaklava.com.au//lines/bic-briteliner-grip-yel-pnk2pk
Foodland Balaklava,2025-05-04 23:56:45,Bic Briteliner Highlighters Assorted Colours 5 Pack,N/A,N/A,$8.40,N/A,https://foodlandbalaklava.com.au//lines/bic-briteliner-grip-asst-bp-5-1
Foodland Balaklava,2025-05-04 23:56:45,Bic Clic Retractable Ballpoint Pen Assorted 3 Pack,N/A,N/A,$3.52,N/A,https://foodlandbalaklava.com.au//lines/bic-pen-clic-astd-3pk
Foodland Balaklava,2025-05-04 23:56:45,Bic Clic Retractable Ballpoint Pen Black 3 Pack,N/A,N/A,$3.52,N/A,https://foodlandbalaklava.com.au//lines/bic-pen-clic-black-3pk
Foodland Balaklava,2025-05-04 23:56:45,Bic Clic Retractable Ballpoint Pen Blue 3 Pack,N/A,N/A,$3.52,N/A,https://foodlandbalaklava.com.au//lines/bic-blue-clic-pen-3pk
Foodland Balaklava,2025-05-04 23:56:45,Bic Comfort 3 Mens Disposable Razors 4 Pack,N/A,N/A,$6.50,$1.62 Each,https://foodlandbalaklava.com.au//lines/bic-comfort3advance-razor-bp-4-1
Foodland Balaklava,2025-05-04 23:56:45,Bic Cristal Fashion Ballpoint Pens Assorted Colours 8 Pack,N/A,N/A,$4.73,N/A,https://foodlandbalaklava.com.au//lines/bic-cristal-fashion-asst-8pk
Foodland Balaklava,2025-05-04 23:56:45,Bic Cristal Original Ballpoint Pens Assorted 10 Pack 10pk,N/A,N/A,$4.75,N/A,https://foodlandbalaklava.com.au//lines/bic-cristal-ez-glide-ast-10pk
Foodland Balaklava,2025-05-04 23:56:45,Bic Cristal Original Ballpoint Pens Assorted 5 Pack,N/A,N/A,$3.10,N/A,https://foodlandbalaklava.com.au//lines/bic-cristal-astd-pen-5pk
Foodland Balaklava,2025-05-04 23:56:45,Bic Cristal Original Ballpoint Pens Black 10 Pack 10pk,N/A,N/A,$4.75,N/A,https://foodlandbalaklava.com.au//lines/bic-cristal-ez-glide-black10pk
Foodland Balaklava,2025-05-04 23:56:45,Bic Cristal Original Ballpoint Pens Blue 10 Pack 10pk,N/A,N/A,$4.75,N/A,https://foodlandbalaklava.com.au//lines/bic-cristal-ez-glide-blue-10pk
Foodland Balaklava,2025-05-04 23:56:45,Bic Cristal Original Ballpoint Pens Blue 5 Pack 5pk,N/A,N/A,$3.10,N/A,https://foodlandbalaklava.com.au//lines/bic-cristal-blue-pen-5pk
Foodland Balaklava,2025-05-04 23:56:45,Bic Evolution Ecolutions Pencils 4 Pack,N/A,N/A,$2.42,N/A,https://foodlandbalaklava.com.au//lines/bic-pencil-evo-w-eraser-bp-4
Foodland Balaklava,2025-05-04 23:56:45,Bic Ez Reach Multi-Purpose Lighter 2 Pack - Assorted Colours,N/A,was $8.55,$6.50,N/A,https://foodlandbalaklava.com.au//lines/bic-j38-lighter-ez-reach-2pk
Foodland Balaklava,2025-05-04 23:56:46,Bic Ez Reach Multi-Purpose Lighter Assorted Colours 1 Pack,N/A,N/A,$4.55,N/A,https://foodlandbalaklava.com.au//lines/bic-j38-lighter-ez-reach-try20
Foodland Balaklava,2025-05-04 23:56:46,Bic Flex 4 Mens Disposable Razors 3 Pack 3pk,N/A,N/A,$7.60,$2.53 Each,https://foodlandbalaklava.com.au//lines/bic-shvr-flex-4-mens-3pk-1
Foodland Balaklava,2025-05-04 23:56:46,Bic Four Colour Rainbow Pens,N/A,N/A,$10.50,N/A,https://foodlandbalaklava.com.au//lines/bic-4-colour-rainbow-3pk
Foodland Balaklava,2025-05-04 23:56:46,Bic Hybrid Comfort 3 Mens Razor 1 Handle + 6 Cartridges,N/A,was $10.05,$8.25,$1.38 Each,https://foodlandbalaklava.com.au//lines/bic-razor-hybrid-advance-bp-6-1
Foodland Balaklava,2025-05-04 23:56:46,Bic Hybrid Flex 4 Mens Razor 1 Handle + 4 Cartridges,N/A,N/A,$10.00,$2.50 Each,https://foodlandbalaklava.com.au//lines/bic-shvr-hybrid-4-adv-bp-4-1
Foodland Balaklava,2025-05-04 23:56:46,Bic Hybrid Flex 5 Mens Razor 1 Handle + 3 Cartridges 3pk,N/A,was $11.05,$10.20,$3.40 Each,https://foodlandbalaklava.com.au//lines/bic-shvr-flex-5-hybrid-3pk-1
Foodland Balaklava,2025-05-04 23:56:46,Bic Intensity Permanent Markers Assorted Colours 4 Pack,N/A,N/A,$8.40,N/A,https://foodlandbalaklava.com.au//lines/bic-intn-perm-marker-4pk
Foodland Balaklava,2025-05-04 23:56:46,Bic Intensity Permanent Markers Black 3 Pack,N/A,N/A,$7.35,N/A,https://foodlandbalaklava.com.au//lines/bic-intn-marker-fin-blk3pk-s-c
Foodland Balaklava,2025-05-04 23:56:46,Bic Intensity Permanent Markers Pastel 5 Pack,N/A,N/A,$8.93,N/A,https://foodlandbalaklava.com.au//lines/bic-intn-perm-mrkr-fne-pstl5pk
Foodland Balaklava,2025-05-04 23:56:46,Bic J26 Dé​cor Pocket Lighter Assorted Designs 1 Pack 1pk,N/A,N/A,$3.57,N/A,https://foodlandbalaklava.com.au//lines/bic-j26-decor-lighter-try-50
Foodland Balaklava,2025-05-04 23:56:46,Bic Kids Evolution Illusion Colouring Pencils 12 Pack,N/A,N/A,$3.94,N/A,https://foodlandbalaklava.com.au//lines/bic-kids-colour-pencils-12pk
Foodland Balaklava,2025-05-04 23:56:46,Bic Kids Plastidecor Crayons 12 Pack,N/A,N/A,$4.40,N/A,https://foodlandbalaklava.com.au//lines/bic-kids-crayons-12pk
Foodland Balaklava,2025-05-04 23:56:46,Bic Kids Triangular Coloured Pencils 12 Pack,N/A,N/A,$5.25,N/A,https://foodlandbalaklava.com.au//lines/bic-kids-tri-pencils-12pk
Foodland Balaklava,2025-05-04 23:56:46,Bic Kids Turn & Colour Wax Crayons 12 Pack,N/A,N/A,$8.40,N/A,https://foodlandbalaklava.com.au//lines/bic-crayons-kids-turn-col-12pk
Foodland Balaklava,2025-05-04 23:56:46,Bic Round Stic Ballpoint Pens Assorted Colours 10 Pack,N/A,N/A,$4.73,N/A,https://foodlandbalaklava.com.au//lines/bic-round-stick-astd-pen-10pk
Foodland Balaklava,2025-05-04 23:56:46,Bic Softfeel Retractable Ballpoint Pens Blue 3 Pack 3pk,N/A,N/A,$4.88,N/A,https://foodlandbalaklava.com.au//lines/bic-softfeel-ret-blue-3pk
Foodland Balaklava,2025-05-04 23:56:46,Bic Soleil Colours Womens Disposable Razors 8 Pack,N/A,N/A,$10.70,$1.34 Each,https://foodlandbalaklava.com.au//lines/bic-soleil-razr-clr-coll-8pk-1
Foodland Balaklava,2025-05-04 23:56:46,Bic Soleil Sensitive Womens Disposable Razors 3 Pack,N/A,was $8.95,$8.25,$2.75 Each,https://foodlandbalaklava.com.au//lines/bic-razor-soleil-glow-3s-1
Foodland Balaklava,2025-05-04 23:56:46,Bic Soleil Twilight Womens Disposable Razors 4 Pack,N/A,N/A,$6.50,$1.62 Each,https://foodlandbalaklava.com.au//lines/bic-soleil-twilight-bp-4-1
Foodland Balaklava,2025-05-04 23:56:46,Bic Twin Easy Sensitive Twin Blade Disposable Razors 10 Pack 10pk,N/A,N/A,$5.25,$0.52 Each,https://foodlandbalaklava.com.au//lines/bic-shvr-twn-easy-sen-pouch10s
Foodland Balaklava,2025-05-04 23:56:46,Bic Twin Lady Disposable Female Shaver 5 Pack,N/A,N/A,$4.40,$0.88 Each,https://foodlandbalaklava.com.au//lines/bic-shvr-twn-lady-5s
Foodland Balaklava,2025-05-04 23:56:46,Bic U140 Multi Meg Lighter 1pk,N/A,N/A,$8.93,N/A,https://foodlandbalaklava.com.au//lines/bic-lighter-std-u140-bp-1
Foodland Balaklava,2025-05-04 23:56:46,Bic Velocity Mechanical Pencils 2 Pack,N/A,N/A,$5.78,N/A,https://foodlandbalaklava.com.au//lines/bic-velocity-pencil-0-7mm-2s-1
Foodland Balaklava,2025-05-04 23:56:46,Bic Wite Out Correction Tape 1 Pack,N/A,N/A,$5.25,N/A,https://foodlandbalaklava.com.au//lines/bic-wite-out-ez-correction-tape-correction-tape
Foodland Balaklava,2025-05-04 23:56:46,Bic Wite Out Quick Dry Correction Fluid 1 Pack,N/A,N/A,$2.63,N/A,https://foodlandbalaklava.com.au//lines/bic-wite-out-quick-dry-with-foam-brush
Foodland Balaklava,2025-05-04 23:56:46,Bickford's 100% Juice Pure Cherry,1L,N/A,$6.85,$6.85 per L,https://foodlandbalaklava.com.au//lines/pure-cherry-juice-1lt
Foodland Balaklava,2025-05-04 23:56:46,Bickford's Blueberry Juice Drink 1,N/A,N/A,$7.35,$7.35 per L,https://foodlandbalaklava.com.au//lines/bickfords-jce-drk-bluebry-1l
Foodland Balaklava,2025-05-04 23:56:46,Bickford's Diet Lemon & Lime Cordial,750mL,N/A,$5.80,$7.73 per L,https://foodlandbalaklava.com.au//lines/bickfords-cord-diet-llb-750ml
Foodland Balaklava,2025-05-04 23:56:46,Bickford's Juice Super Berry Red,1L,N/A,$6.85,$6.85 per L,https://foodlandbalaklava.com.au//lines/bickfords-jce-super-brry-red1l
Foodland Balaklava,2025-05-04 23:56:46,Bickford's Tropical Cordial,750mL,N/A,$5.80,$7.73 per L,https://foodlandbalaklava.com.au//lines/bickfords-cord-tropical-750ml
Foodland Balaklava,2025-05-04 23:56:46,Bickfords 100% Juice Red Grape,1L,N/A,$6.85,$6.85 per L,https://foodlandbalaklava.com.au//lines/bickfords-jce-red-grape-nas-1lt
Foodland Balaklava,2025-05-04 23:56:46,Bickfords Bitter Lemon Cordial,750mL,N/A,$5.80,$7.73 per L,https://foodlandbalaklava.com.au//lines/bickfords-cord-bit-lemon-750ml
Foodland Balaklava,2025-05-04 23:56:46,Bickfords Brown Lime Cordial Limited Edition Sa Only,750mL,N/A,$5.80,$7.73 per L,https://foodlandbalaklava.com.au//lines/bickfords-cord-brwn-lm-jc750ml
Foodland Balaklava,2025-05-04 23:56:46,Bickfords Cord Apple Cld,750mL,N/A,$5.80,$7.73 per L,https://foodlandbalaklava.com.au//lines/bickfords-cord-apple-cld-750ml
Foodland Balaklava,2025-05-04 23:56:46,Bickfords Cranberry Juice Drink 1,N/A,N/A,$5.80,$5.80 per L,https://foodlandbalaklava.com.au//lines/bickfords-drk-cranbry-drink-1l
Foodland Balaklava,2025-05-04 23:56:46,Bickfords Jce Pomegrnte 100%​1l,N/A,N/A,$6.85,$6.85 per L,https://foodlandbalaklava.com.au//lines/bickfords-jce-pomegrnte-100-1l
Foodland Balaklava,2025-05-04 23:56:46,Bickfords Pineapple And Passionfruit Cordial,750mL,N/A,$5.80,$7.73 per L,https://foodlandbalaklava.com.au//lines/bickfords-cord-papl-p-frt750ml
Foodland Balaklava,2025-05-04 23:56:46,Bickfords Prune Juice 1,N/A,N/A,$6.85,$6.85 per L,https://foodlandbalaklava.com.au//lines/bickfords-jce-prune-nat-1l
Foodland Balaklava,2025-05-04 23:56:46,Bickfords Raspberry Cordial,750mL,N/A,$5.80,$7.73 per L,https://foodlandbalaklava.com.au//lines/bickfords-cord-raspbry-750ml
Foodland Balaklava,2025-05-04 23:56:46,Bickfords Soda Cld Lmnd6x250ml,N/A,N/A,$10.50,$7.00 per L,https://foodlandbalaklava.com.au//lines/bickfords-soda-cld-lmnd6x250ml
Foodland Balaklava,2025-05-04 23:56:46,Bickford’​S Creamy Soda Cordial,750mL,N/A,$5.80,$7.73 per L,https://foodlandbalaklava.com.au//lines/bickfords-cord-crmy-soda-750ml
Foodland Balaklava,2025-05-04 23:56:46,Bickford’​S Iced Caramel Coffee Syrup,500mL,N/A,$7.35,$1.47 per 100mL,https://foodlandbalaklava.com.au//lines/bickfords-syrup-iced-crml500ml
Foodland Balaklava,2025-05-04 23:56:46,Bickford’​S Iced Mocha Syrup,500mL,N/A,$7.35,$1.47 per 100mL,https://foodlandbalaklava.com.au//lines/bickfords-syrup-iced-moc-500ml
Foodland Balaklava,2025-05-04 23:56:46,"Bickford’​S Orange, Lemon, Lime Cordial",750mL,N/A,$5.80,$7.73 per L,https://foodlandbalaklava.com.au//lines/bickfords-cord-or-lmn-lm-750ml
Foodland Balaklava,2025-05-04 23:56:46,Bickford’​S Pineapple And Lime Cordial,750mL,N/A,$5.80,$7.73 per L,https://foodlandbalaklava.com.au//lines/bickfords-cord-pine-lime-750ml
Foodland Balaklava,2025-05-04 23:56:46,Bickford’​S Pink Lemonade Cordial,750mL,N/A,$5.80,$7.73 per L,https://foodlandbalaklava.com.au//lines/bickfords-cord-pnk-lmnde-750ml
Foodland Balaklava,2025-05-04 23:56:46,Bickford’​S Raspberry Cordial,750mL,N/A,$5.80,$7.73 per L,https://foodlandbalaklava.com.au//lines/bickfords-cord-s-f-rasp-750ml
Foodland Balaklava,2025-05-04 23:56:46,Bicks Cordial Ginger Beer,750mL,N/A,$5.80,$7.73 per L,https://foodlandbalaklava.com.au//lines/bickfords-cord-g-beer-750ml
Foodland Balaklava,2025-05-04 23:56:50,Biersticks Each,N/A,N/A,$2.95,N/A,https://foodlandbalaklava.com.au//lines/biersticks-each
Foodland Balaklava,2025-05-04 23:56:50,Big And Puffy Marshmallows,200g,N/A,$4.99,$2.50 per 100g,https://foodlandbalaklava.com.au//lines/big-and-puffy-marshmallows-200g
Foodland Balaklava,2025-05-04 23:56:50,Big Cheese Rat & Mouse Throw Pack,4 x 25g,N/A,$8.50,$8.50 per 100g,https://foodlandbalaklava.com.au//lines/big-cheese-rat-mouse-throw-pack-4x25g
Foodland Balaklava,2025-05-04 23:56:50,Big Crunch Smoked Salmon & Avocado Sushi 2 Pack,200g,N/A,$7.50,$3.75 per 100g,https://foodlandbalaklava.com.au//lines/bc-smoked-chicken-2pk-200g
Foodland Balaklava,2025-05-04 23:56:50,Big Crunch Sushi Twin Pack Teriyaki Chicken,200g,N/A,$7.50,$3.75 per 100g,https://foodlandbalaklava.com.au//lines/bc-teriyaki-chicken-2pk-200g
Foodland Balaklava,2025-05-04 23:56:50,Big Crunch Sushi Twin Pack Tuna,200g,N/A,$7.50,$3.75 per 100g,https://foodlandbalaklava.com.au//lines/bc-tuna-2pk-200g
Foodland Balaklava,2025-05-04 23:56:50,Big Lolly Bananas,100g,was $2.95,$2.30,$2.30 per 100g,https://foodlandbalaklava.com.au//lines/big-lolly-banana-100gm
Foodland Balaklava,2025-05-04 23:56:50,Big Lolly Choc Mixed Buds,130g,was $3.70,$3.20,$2.46 per 100g,https://foodlandbalaklava.com.au//lines/big-lolly-choc-buds-mxd-130gm
Foodland Balaklava,2025-05-04 23:56:50,Big Lolly Choc Mlkbullets,130g,was $3.70,$3.20,$2.46 per 100g,https://foodlandbalaklava.com.au//lines/big-lolly-choc-mlkbullets-130g
Foodland Balaklava,2025-05-04 23:56:50,Big Lolly Fruit Chews,160g,was $2.95,$2.30,$1.44 per 100g,https://foodlandbalaklava.com.au//lines/big-lolly-fruit-chews-160gm
Foodland Balaklava,2025-05-04 23:56:50,Big Lolly Lemon Sherbets,120g,was $2.95,$2.30,$1.92 per 100g,https://foodlandbalaklava.com.au//lines/big-lolly-lemon-sherbets-120gm
Foodland Balaklava,2025-05-04 23:56:50,Big Lolly Liquorice Allsorts,140g,was $2.95,$2.30,$1.64 per 100g,https://foodlandbalaklava.com.au//lines/big-lolly-lic-allsort-140gm
Foodland Balaklava,2025-05-04 23:56:50,Big Lolly Milk Bottles,120g,was $2.95,$2.30,$1.92 per 100g,https://foodlandbalaklava.com.au//lines/big-lolly-milk-bottles-120gm
Foodland Balaklava,2025-05-04 23:56:50,Big Lolly Musk Sticks,140g,was $2.95,$2.30,$1.64 per 100g,https://foodlandbalaklava.com.au//lines/big-lolly-musk-sticks-140gm
Foodland Balaklava,2025-05-04 23:56:50,Big Lou’​S Donuts Mixed Donuts,550mL,N/A,$15.75,$2.86 per 100g,https://foodlandbalaklava.com.au//lines/b-lou-donut-mini-mx-15pk-550gm
Foodland Balaklava,2025-05-04 23:56:50,Bin Buddy Citrus,450g,N/A,$8.99,N/A,https://foodlandbalaklava.com.au//lines/bin-buddy-citrus-450gm
Foodland Balaklava,2025-05-04 23:56:50,Bin Buddy Kitchen Bin Freshner,550g,N/A,$8.99,N/A,https://foodlandbalaklava.com.au//lines/bin-buddy-kitchen-bin-freshner-550gm
Foodland Balaklava,2025-05-04 23:56:50,Bio-Oil Skincare Oil,125mL,N/A,$26.00,$20.80 per 100mL,https://foodlandbalaklava.com.au//lines/bio-oil-oil-skincare-125ml
Foodland Balaklava,2025-05-04 23:56:50,Bio-Oil Skincare Oil,60mL,N/A,$15.00,$25.00 per 100mL,https://foodlandbalaklava.com.au//lines/bio-oil-oil-skincare-60ml
Foodland Balaklava,2025-05-04 23:56:50,Biofood Organic Passata Sauce,690g,N/A,$4.25,$0.62 per 100g,https://foodlandbalaklava.com.au//lines/biofood-organic-passata-sauce-690g
Foodland Balaklava,2025-05-04 23:56:50,Biopak Jumbo Paper Straw,N/A,N/A,$3.55,$0.18 Each,https://foodlandbalaklava.com.au//lines/biopak-straw-paper-jumbo-20pk
Foodland Balaklava,2025-05-04 23:56:50,Biopak Paper Coffee Cups & Lids,N/A,N/A,$11.55,$0.72 Each,https://foodlandbalaklava.com.au//lines/biopak-cup-lid-papr-cof-16pk
Foodland Balaklava,2025-05-04 23:56:50,Biopak Wooden Knifes,N/A,N/A,$2.10,$0.21 Each,https://foodlandbalaklava.com.au//lines/biopak-knife-wooden-16cm-10pk
Foodland Balaklava,2025-05-04 23:56:50,Biozet Attack Laundry Liquid Eliminate,2L,N/A,$27.30,$13.65 per L,https://foodlandbalaklava.com.au//lines/biozet-attack-l-liq-elimin-2l
Foodland Balaklava,2025-05-04 23:56:50,Biozet Attack Liquid,2L,N/A,$25.20,$12.60 per L,https://foodlandbalaklava.com.au//lines/biozet-attack-l-liq-reg-2l
Foodland Balaklava,2025-05-04 23:56:50,Biozet Attack Liquid With Softener,2L,N/A,$27.30,$13.65 per L,https://foodlandbalaklava.com.au//lines/biozet-attack-liq-sft-2l
Foodland Balaklava,2025-05-04 23:56:50,Birch & Waite Choc Creme,110g,N/A,$2.00,$1.82 per 100g,https://foodlandbalaklava.com.au//lines/birch-waite-choc-creme-110g
Foodland Balaklava,2025-05-04 23:56:50,Bird Eye Deli Sides Plum & Ginger,600g,was $7.35,$5.60,$9.33 per kg,https://foodlandbalaklava.com.au//lines/b-eye-deli-sides-plm-gngr-600g
Foodland Balaklava,2025-05-04 23:56:50,Bird Munch Trt Budg&​Cnry #​110g,N/A,was $2.39,$1.95,$1.77 per 100g,https://foodlandbalaklava.com.au//lines/bird-munch-trt-budg-cnry-110g
Foodland Balaklava,2025-05-04 23:56:50,Bird Munch Trt Par&​P/​Face#​90gm,N/A,N/A,$2.39,$2.66 per 100g,https://foodlandbalaklava.com.au//lines/bird-munch-trt-par-p-face-90gm
Foodland Balaklava,2025-05-04 23:56:50,Bird Munchies Gourmet Parrot Blend,1kg,N/A,$6.10,$0.61 per 100g,https://foodlandbalaklava.com.au//lines/bird-mnch-parrot-gmt-sd-1kg
Foodland Balaklava,2025-05-04 23:56:50,Birds Eye Air Baked Flathead,250g,N/A,$13.15,$52.60 per kg,https://foodlandbalaklava.com.au//lines/b-eye-fish-a-bke-flthead-250g
Foodland Balaklava,2025-05-04 23:56:50,Birds Eye Air Baked Whiting Fish Fingers,350g,was $8.40,$7.00,$20.00 per kg,https://foodlandbalaklava.com.au//lines/b-eye-fish-a-bke-fing-wht350gm
Foodland Balaklava,2025-05-04 23:56:50,Birds Eye Baby Peas,825g,was $7.05,$5.70,$6.91 per kg,https://foodlandbalaklava.com.au//lines/b-eye-peas-baby-825g
Foodland Balaklava,2025-05-04 23:56:50,Birds Eye Birdseye Broc Cauli Rice,500g,N/A,$5.80,$11.60 per kg,https://foodlandbalaklava.com.au//lines/b-eye-broc-cauli-rce-500gm
Foodland Balaklava,2025-05-04 23:56:50,Birds Eye Birdseye Deli Hoki Cl Bat,250g,N/A,$10.00,$40.00 per kg,https://foodlandbalaklava.com.au//lines/b-eye-fish-deli-hoki-batt250gm
Foodland Balaklava,2025-05-04 23:56:50,Birds Eye Birdseye Deli Light And Crispy Prawns Salt And Pepper,225g,N/A,$10.00,$44.44 per kg,https://foodlandbalaklava.com.au//lines/b-eye-fish-deli-s-p-prwn-225gm
Foodland Balaklava,2025-05-04 23:56:50,Birds Eye Birdseye Golden Crunch M/​W Crinkles,140g,N/A,$3.70,$26.43 per kg,https://foodlandbalaklava.com.au//lines/b-eye-chips-g-c-m-w-crnkl140gm
Foodland Balaklava,2025-05-04 23:56:50,Birds Eye Birdseye Golden Crunch M/​W Shoestring,140g,N/A,$3.70,$26.43 per kg,https://foodlandbalaklava.com.au//lines/b-eye-chips-g-c-m-w-s-str140gm
Foodland Balaklava,2025-05-04 23:56:50,Birds Eye Birdseye Seasoned Sides Mediterranean,600g,was $7.35,$6.20,$10.33 per kg,https://foodlandbalaklava.com.au//lines/b-eye-s-s-med-mix-600gm
Foodland Balaklava,2025-05-04 23:56:50,Birds Eye Corn Fritters 9 With Sweet Corn Kernels,500g,N/A,$7.15,$14.30 per kg,https://foodlandbalaklava.com.au//lines/b-eye-corn-fritters-500gm
Foodland Balaklava,2025-05-04 23:56:50,Birds Eye Country Harvest Carrot Beans Corn Broccoli,1kg,N/A,$6.85,$6.85 per kg,https://foodlandbalaklava.com.au//lines/b-eye-car-bn-corn-broc-1kg
Foodland Balaklava,2025-05-04 23:56:50,Birds Eye Country Harvest Spring Greens Mix,1kg,N/A,$6.85,$6.85 per kg,https://foodlandbalaklava.com.au//lines/b-eye-c-harv-sprng-grn-mix-1kg
Foodland Balaklava,2025-05-04 23:56:50,Birds Eye Deli Chip Sweet Potato,600g,N/A,$7.35,$12.25 per kg,https://foodlandbalaklava.com.au//lines/b-eye-deli-chip-swt-pot-600gm
Foodland Balaklava,2025-05-04 23:56:50,Birds Eye Fish Oven Bake Original Crumbed,1kg,N/A,$19.95,$19.95 per kg,https://foodlandbalaklava.com.au//lines/b-eye-fish-o-bke-orig-crmb-1kg
Foodland Balaklava,2025-05-04 23:56:50,Birds Eye Garlic Butter Style Green Beans,600g,was $7.35,$5.60,$9.33 per kg,https://foodlandbalaklava.com.au//lines/b-eye-deli-bean-grn-g-btr600gm
Foodland Balaklava,2025-05-04 23:56:50,Birds Eye Golden Crunch Beer Batter Wedges,750g,was $5.90,$5.00,$6.67 per kg,https://foodlandbalaklava.com.au//lines/b-eye-wedges-beer-battr-750gm
Foodland Balaklava,2025-05-04 23:56:50,Birds Eye Golden Crunch Sidewinders,750g,N/A,$7.35,$9.80 per kg,https://foodlandbalaklava.com.au//lines/b-eye-gldn-crnch-sdewind-750g
Foodland Balaklava,2025-05-04 23:56:51,Birds Eye Lightly Crumbed Deep Sea Dory,380g,N/A,$13.15,$34.61 per kg,https://foodlandbalaklava.com.au//lines/b-eye-fish-a-bke-dory-380g
Foodland Balaklava,2025-05-04 23:56:51,Birds Eye Onion Rings In A Golden Crunchy Crumb,500g,was $6.85,$4.80,$9.60 per kg,https://foodlandbalaklava.com.au//lines/b-eye-onion-rings-500gm
Foodland Balaklava,2025-05-04 23:56:51,Birds Eye Pommes,350g,was $5.55,$4.70,$13.43 per kg,https://foodlandbalaklava.com.au//lines/b-eye-pommes-350gm
Foodland Balaklava,2025-05-04 23:56:51,Birds Eye S/​Frsh Bp/​Brc/​Ct/​P,400g,was $6.85,$6.30,$15.75 per kg,https://foodlandbalaklava.com.au//lines/b-eye-s-frsh-bp-brc-ct-p-400gm
Foodland Balaklava,2025-05-04 23:56:51,Birds Eye Steam Fresh Broccoli Cauliflower & Carrots With Cheese Sauce,400g,was $6.85,$6.30,$15.75 per kg,https://foodlandbalaklava.com.au//lines/b-eye-s-frsh-3veg-chs-sce400gm
Foodland Balaklava,2025-05-04 23:56:51,Birds Eye Steam Mash Potato With Butter,400g,N/A,$6.85,$17.12 per kg,https://foodlandbalaklava.com.au//lines/b-eye-s-frsh-pot-mash-but400gm
Foodland Balaklava,2025-05-04 23:56:51,"Birds Eye Steamfresh Carrot, Peas & Corn Mix 3 Steam Bags",450g,N/A,$4.75,$10.56 per kg,https://foodlandbalaklava.com.au//lines/b-eye-s-frsh-crrt-pea-crn450gm
Foodland Balaklava,2025-05-04 23:56:51,Birds Eye Stir Fry Malaysian,500g,N/A,$4.75,$9.50 per kg,https://foodlandbalaklava.com.au//lines/b-eye-mx-veg-malay-style-500gm
Foodland Balaklava,2025-05-04 23:56:51,Birds Eye Stir Fry Thai Style,500g,N/A,$4.75,$9.50 per kg,https://foodlandbalaklava.com.au//lines/b-eye-mx-veg-thai-style-500gm
Foodland Balaklava,2025-05-04 23:56:51,Birdseye Seasoned Sides Country Garden,600g,was $7.35,$6.20,$10.33 per kg,https://foodlandbalaklava.com.au//lines/b-eye-s-s-country-garden-600g
Foodland Balaklava,2025-05-04 23:56:51,Bird’​S Eye Garlic Butter & Parsley Sides,600g,was $7.35,$5.60,$9.33 per kg,https://foodlandbalaklava.com.au//lines/b-eye-deli-sides-grlc-btr600gm
Foodland Balaklava,2025-05-04 23:56:51,Bird’​S Eye Scalloped Potatoes With Paprika,600g,was $8.95,$7.75,$12.92 per kg,https://foodlandbalaklava.com.au//lines/b-eye-deli-pot-scal-pap-600g
Foodland Balaklava,2025-05-04 23:56:51,Bird’​S Eye Three Cheese Cauliflower Bake,600g,was $8.95,$7.75,$12.92 per kg,https://foodlandbalaklava.com.au//lines/b-eye-deli-cauli-bke-chs-600g
Foodland Balaklava,2025-05-04 23:56:51,Bit Patch Mosquito Bite Relief,N/A,N/A,$9.95,$0.41 Each,https://foodlandbalaklava.com.au//lines/bitepatch-colour-24pk
Foodland Balaklava,2025-05-04 23:56:51,Bkd Prvsn Eclair Cream 2pk150gm,N/A,N/A,$7.20,$4.80 per 100g,https://foodlandbalaklava.com.au//lines/bkd-prvsn-eclair-cream-2pk150gm
Foodland Balaklava,2025-05-04 23:56:51,Bkd Prvsn Log Blck Forst,360g,N/A,$10.50,$2.92 per 100g,https://foodlandbalaklava.com.au//lines/bkd-prvsn-log-blck-forst-360g
Foodland Balaklava,2025-05-04 23:56:51,Bkd Prvsn Pastie Meat Vg,400g,N/A,$8.20,$2.56 per 100g,https://foodlandbalaklava.com.au//lines/bkd-prvsn-pastie-meat-vg-2pk-320g
Foodland Balaklava,2025-05-04 23:56:51,Black & Gold 100’​S & 1000’​S,200g,N/A,$3.35,$1.68 per 100g,https://foodlandbalaklava.com.au//lines/b-gold-100s-1000s-200g
Foodland Balaklava,2025-05-04 23:56:51,Black & Gold Air Freshener Country Garden,200g,N/A,$3.00,$1.50 per 100g,https://foodlandbalaklava.com.au//lines/b-gold-air-fresh-c-gardn-200gm
Foodland Balaklava,2025-05-04 23:56:51,Black & Gold Ammonia Cloudy,1L,N/A,$1.95,$0.20 per 100mL,https://foodlandbalaklava.com.au//lines/b-gold-ammonia-cloudy-1l
Foodland Balaklava,2025-05-04 23:56:51,Black & Gold Bacon,250g,N/A,$4.60,$18.40 per kg,https://foodlandbalaklava.com.au//lines/b-gold-bacon-mid-r-on-250g
Foodland Balaklava,2025-05-04 23:56:51,Black & Gold Basin With Handles,12.5L,N/A,$5.40,N/A,https://foodlandbalaklava.com.au//lines/b-gold-wsh-basn-hndl-rec-12-5l
Foodland Balaklava,2025-05-04 23:56:51,Black & Gold BBQ Fuel,4kg,N/A,$10.00,N/A,https://foodlandbalaklava.com.au//lines/b-gold-bbq-fuel-4kg
Foodland Balaklava,2025-05-04 23:56:51,Black & Gold Biscuits Family Assorted,500g,N/A,$4.25,$0.85 per 100g,https://foodlandbalaklava.com.au//lines/b-gold-bisc-family-asstd-500gm
Foodland Balaklava,2025-05-04 23:56:51,Black & Gold C/​Fd S/​Food Plat,400g,N/A,$1.80,$0.45 per 100g,https://foodlandbalaklava.com.au//lines/b-gold-c-fd-s-food-plat-400gm
Foodland Balaklava,2025-05-04 23:56:51,Black & Gold Canola Oil 4,N/A,N/A,$13.50,$0.34 per 100mL,https://foodlandbalaklava.com.au//lines/b-gold-oil-canola-4l
Foodland Balaklava,2025-05-04 23:56:51,Black & Gold Cat Food Sardines In Jelly,400g,N/A,$1.80,$0.45 per 100g,https://foodlandbalaklava.com.au//lines/b-gold-c-fd-sardines-400gm
Foodland Balaklava,2025-05-04 23:56:51,Black & Gold Choc Cream Biscuits,140g,N/A,$0.90,$0.64 per 100g,https://foodlandbalaklava.com.au//lines/b-gold-bisc-chocolate-crm140gm
Foodland Balaklava,2025-05-04 23:56:51,Black & Gold Choc Cream Wafers,125g,N/A,$0.80,$0.64 per 100g,https://foodlandbalaklava.com.au//lines/b-gold-wafer-choc-crm-125gm
Foodland Balaklava,2025-05-04 23:56:51,Black & Gold Clear Storage Box,52L,N/A,$16.00,N/A,https://foodlandbalaklava.com.au//lines/b-gold-storage-box-clr-lid-52l
Foodland Balaklava,2025-05-04 23:56:51,Black & Gold Coconut Shredded,250g,N/A,$2.20,$8.80 per kg,https://foodlandbalaklava.com.au//lines/b-gold-coconut-shredded-250gm
Foodland Balaklava,2025-05-04 23:56:51,Black & Gold Cola Flavoured Soft Drink 1.​25,N/A,N/A,$1.30,$1.04 per L,https://foodlandbalaklava.com.au//lines/b-gold-cola-1-25l
Foodland Balaklava,2025-05-04 23:56:51,Black & Gold Cotton Gloves,N/A,N/A,$1.50,N/A,https://foodlandbalaklava.com.au//lines/b-gold-glove-cotton-2pk
Foodland Balaklava,2025-05-04 23:56:51,Black & Gold Cut Green Beans,1kg,N/A,$2.80,$2.80 per kg,https://foodlandbalaklava.com.au//lines/b-gold-beans-cut-1kg
Foodland Balaklava,2025-05-04 23:56:51,Black & Gold Dog Food Beef & Vegetable,8kg,N/A,$19.00,$0.24 per 100g,https://foodlandbalaklava.com.au//lines/b-gold-d-food-beef-veg-8kg
Foodland Balaklava,2025-05-04 23:56:51,Black & Gold Dog Food Meat With Beef,1.2kg,N/A,$3.60,$0.30 per 100g,https://foodlandbalaklava.com.au//lines/b-gold-dogfood-meat-1-2kg
Foodland Balaklava,2025-05-04 23:56:51,Black & Gold Dog Food Meat with Chicken,700g,N/A,$2.75,$0.39 per 100g,https://foodlandbalaklava.com.au//lines/b-gold-dogfood-meat-chick700gm
Foodland Balaklava,2025-05-04 23:56:51,Black & Gold Dried Mixed Fruit,1kg,N/A,$6.50,$6.50 per kg,https://foodlandbalaklava.com.au//lines/b-gold-garlic-brd-2x225gm-1
Foodland Balaklava,2025-05-04 23:56:51,Black & Gold Fetuccine #​12,500g,N/A,$0.90,$0.18 per 100g,https://foodlandbalaklava.com.au//lines/b-gold-fettuccine-12-500g
Foodland Balaklava,2025-05-04 23:56:51,Black & Gold Fire Lighters 24 Cubes,N/A,N/A,$3.60,$15.00 Units100,https://foodlandbalaklava.com.au//lines/b-gold-fire-lighters-24cubes
Foodland Balaklava,2025-05-04 23:56:51,Black & Gold Freezer Bags Medium 80,N/A,N/A,$0.90,$0.01 Each,https://foodlandbalaklava.com.au//lines/b-gold-freezer-bags-med-80s
Foodland Balaklava,2025-05-04 23:56:51,Black & Gold Garbage Bags 20,N/A,N/A,$3.00,$0.15 Each,https://foodlandbalaklava.com.au//lines/b-gold-garb-bag-20s
Foodland Balaklava,2025-05-04 23:56:51,Black & Gold Garbage Bags Roll,N/A,N/A,$5.50,$0.11 Each,https://foodlandbalaklava.com.au//lines/b-gold-garbage-bags-roll-50s
Foodland Balaklava,2025-05-04 23:56:51,Black & Gold Ginuea Pig & Rabbit Mix,3kg,N/A,$9.75,$0.32 per 100g,https://foodlandbalaklava.com.au//lines/b-gold-g-pig-rabbit-mix-3kg
Foodland Balaklava,2025-05-04 23:56:51,Black & Gold Ground White Pepper,100g,N/A,$3.00,$0.30 per 10g,https://foodlandbalaklava.com.au//lines/b-gold-pepper-white-grnd-100gm
Foodland Balaklava,2025-05-04 23:56:51,Black & Gold H/​Spray,250g,N/A,$2.90,$1.16 per 100g,https://foodlandbalaklava.com.au//lines/b-gold-h-spray-250gm
Foodland Balaklava,2025-05-04 23:56:51,Black & Gold Heavy Duty Bucket With Spout,9L,N/A,$2.00,N/A,https://foodlandbalaklava.com.au//lines/b-gold-bucket-heavy-duty-9l
Foodland Balaklava,2025-05-04 23:56:51,Black & Gold Heavy Duty Fabric Strips 40,N/A,N/A,$3.95,$0.10 Each,https://foodlandbalaklava.com.au//lines/b-gold-fabric-strips-h-d-40pk
Foodland Balaklava,2025-05-04 23:56:52,Black & Gold Household Candles,N/A,N/A,$4.00,N/A,https://foodlandbalaklava.com.au//lines/b-gold-candles-household-6pk
Foodland Balaklava,2025-05-04 23:56:52,Black & Gold Ibuprofen Tablets 24pk,N/A,N/A,$1.55,$0.06 Each,https://foodlandbalaklava.com.au//lines/b-gold-ibuprofen-tablets-24s
Foodland Balaklava,2025-05-04 23:56:52,Black & Gold Ice Cream Cup Cones,N/A,N/A,$3.50,$3.24 per 100g,https://foodlandbalaklava.com.au//lines/b-gold-i-crm-cones-cup-30s
Foodland Balaklava,2025-05-04 23:56:52,Black & Gold Jotter Pad 18 X 15cm 80 Pages,N/A,N/A,$2.10,N/A,https://foodlandbalaklava.com.au//lines/b-gold-jot-pad-18x15c80-303111
Foodland Balaklava,2025-05-04 23:56:52,Black & Gold Laundry Sanitiser,1kg,N/A,$3.50,$3.50 per kg,https://foodlandbalaklava.com.au//lines/b-gold-laundry-sanitiser-1kg
Foodland Balaklava,2025-05-04 23:56:52,Black & Gold Lunch Bags 100pk,N/A,N/A,$4.00,$0.04 Each,https://foodlandbalaklava.com.au//lines/b-gold-lunch-bags-paper-100s
Foodland Balaklava,2025-05-04 23:56:52,Black & Gold Mackerel In Natural Mackerel Oil,425g,N/A,$2.90,$6.82 per kg,https://foodlandbalaklava.com.au//lines/b-gold-mackrl-in-nat-oil-425gm
Foodland Balaklava,2025-05-04 23:56:52,Black & Gold Maple Flavoured Syrup,375g,N/A,$2.50,$0.67 per 100mL,https://foodlandbalaklava.com.au//lines/b-gold-maple-flav-syrup-375g
Foodland Balaklava,2025-05-04 23:56:52,Black & Gold Mineral Turpentine,1L,N/A,$7.20,$0.72 per 100mL,https://foodlandbalaklava.com.au//lines/b-gold-mineral-turpentine-1l
Foodland Balaklava,2025-05-04 23:56:52,Black & Gold Monounsaturated Canola Oil 2,N/A,N/A,$7.20,$0.36 per 100mL,https://foodlandbalaklava.com.au//lines/b-gold-oil-canola-2l
Foodland Balaklava,2025-05-04 23:56:52,Black & Gold Orange&​Mango Fruit Drink,6mL,N/A,$3.70,$2.47 per L,https://foodlandbalaklava.com.au//lines/b-gold-drk-org-mango-6x250ml
Foodland Balaklava,2025-05-04 23:56:52,Black & Gold Packing Tape 48 X 50 Cm,N/A,N/A,$3.00,N/A,https://foodlandbalaklava.com.au//lines/b-gold-packing-tape-48x50m-1pk
Foodland Balaklava,2025-05-04 23:56:52,Black & Gold Pancake Mix,350g,N/A,$2.20,$0.63 per 100g,https://foodlandbalaklava.com.au//lines/b-gold-p-cake-shake-orig-350g
Foodland Balaklava,2025-05-04 23:56:52,Black & Gold Paper Bowl 20 Pack,N/A,N/A,$1.50,$7.50 Units100,https://foodlandbalaklava.com.au//lines/b-gold-paper-bowl-18cm-20pk
Foodland Balaklava,2025-05-04 23:56:52,Black & Gold Paper Straws 50pk,N/A,N/A,$2.10,$4.20 Units100,https://foodlandbalaklava.com.au//lines/b-gold-paper-straws-50pk
Foodland Balaklava,2025-05-04 23:56:52,Black & Gold Parrot Mix,2kg,N/A,$5.25,$0.26 per 100g,https://foodlandbalaklava.com.au//lines/b-gold-parrot-mix-2kg-1
Foodland Balaklava,2025-05-04 23:56:52,Black & Gold Plasters First Aid Strips 100,N/A,N/A,$2.00,$0.02 Each,https://foodlandbalaklava.com.au//lines/b-gold-plast-f-aid-strips-100s
Foodland Balaklava,2025-05-04 23:56:52,Black & Gold Plastic Clothes Pegs 24pk,N/A,N/A,$2.95,$0.12 Each,https://foodlandbalaklava.com.au//lines/b-gold-pegs-plastc-24pk-295836
Foodland Balaklava,2025-05-04 23:56:52,Black & Gold Round Container 5pk,N/A,N/A,$3.50,$0.70 Each,https://foodlandbalaklava.com.au//lines/b-gold-round-cont-500ml-5pk
Foodland Balaklava,2025-05-04 23:56:52,Black & Gold Rubber Gloves,N/A,N/A,$1.40,N/A,https://foodlandbalaklava.com.au//lines/b-gold-glove-rubber-lge-2pk
Foodland Balaklava,2025-05-04 23:56:52,Black & Gold Rubber Gloves,N/A,N/A,$1.40,N/A,https://foodlandbalaklava.com.au//lines/b-gold-glove-rubber-med-2pk
Foodland Balaklava,2025-05-04 23:56:52,Black & Gold Salt Cooking,1kg,N/A,$2.95,$0.30 per 100g,https://foodlandbalaklava.com.au//lines/b-gold-salt-cooking-1kg
Foodland Balaklava,2025-05-04 23:56:52,Black & Gold Salt Table Pln Drum,500g,N/A,$2.10,$0.42 per 100g,https://foodlandbalaklava.com.au//lines/b-gold-salt-tble-pln-drum500gm
Foodland Balaklava,2025-05-04 23:56:52,Black & Gold Sandwich Bag Resealable 30,N/A,N/A,$2.52,$0.08 Each,https://foodlandbalaklava.com.au//lines/b-gold-sandwich-bag-reseal-30s
Foodland Balaklava,2025-05-04 23:56:52,Black & Gold Sardines In Springwater,125g,N/A,$1.00,$8.00 per kg,https://foodlandbalaklava.com.au//lines/b-gold-sardines-in-s-wtr-125gm
Foodland Balaklava,2025-05-04 23:56:52,Black & Gold Scourers Stainless Steel 3pk,N/A,N/A,$1.00,$0.33 Each,https://foodlandbalaklava.com.au//lines/b-gold-scourers-s-steel-3pk
Foodland Balaklava,2025-05-04 23:56:52,Black & Gold Sponge Mop Refill 2 & 4 Post 1pk,N/A,N/A,$5.00,N/A,https://foodlandbalaklava.com.au//lines/b-gold-mop-sponge-ref-2-4post
Foodland Balaklava,2025-05-04 23:56:52,Black & Gold Sponges Thick 3pk,N/A,N/A,$2.20,$0.73 Each,https://foodlandbalaklava.com.au//lines/b-gold-sponges-thick-3pk
Foodland Balaklava,2025-05-04 23:56:52,Black & Gold Spread Monounsaturated,500g,N/A,$2.70,$0.54 per 100g,https://foodlandbalaklava.com.au//lines/b-gold-spread-mono-500gm
Foodland Balaklava,2025-05-04 23:56:52,Black & Gold Squeeze Sponge Mop With Handle 1pk,N/A,N/A,$16.00,N/A,https://foodlandbalaklava.com.au//lines/b-gold-mop-sponge-w-hndl-4post-1
Foodland Balaklava,2025-05-04 23:56:52,Black & Gold Starch Ironing Spray,400g,N/A,$2.50,$0.62 per 100g,https://foodlandbalaklava.com.au//lines/b-gold-reg-iron-aid-spry400gm
Foodland Balaklava,2025-05-04 23:56:52,Black & Gold Sticky Tape 12mm X 66,N/A,N/A,$2.10,N/A,https://foodlandbalaklava.com.au//lines/b-gold-tape-sticky-12mmx66mt
Foodland Balaklava,2025-05-04 23:56:52,Black & Gold Storage Basket,N/A,N/A,$4.00,N/A,https://foodlandbalaklava.com.au//lines/b-gold-storage-basket-med-1ea
Foodland Balaklava,2025-05-04 23:56:52,Black & Gold Storage Box,10L,N/A,$8.00,N/A,https://foodlandbalaklava.com.au//lines/b-gold-storage-box-10l
Foodland Balaklava,2025-05-04 23:56:52,Black & Gold Sunflower 2,N/A,N/A,$8.50,$0.42 per 100mL,https://foodlandbalaklava.com.au//lines/b-gold-oil-sunflower-2l
Foodland Balaklava,2025-05-04 23:56:52,Black & Gold Tea Light Candles,N/A,N/A,$5.00,N/A,https://foodlandbalaklava.com.au//lines/b-gold-candles-t-lht-wht-30pk
Foodland Balaklava,2025-05-04 23:56:52,Black & Gold Tea Towel,N/A,N/A,$3.45,N/A,https://foodlandbalaklava.com.au//lines/b-gold-tea-towel-2pk-1
Foodland Balaklava,2025-05-04 23:56:52,Black & Gold Tropical Fruit Drink,250mL,N/A,$3.70,$2.47 per L,https://foodlandbalaklava.com.au//lines/b-gold-drk-tropical-6x250ml
Foodland Balaklava,2025-05-04 23:56:52,Black & Gold Tuna Chunks In Oil,95g,N/A,$1.10,$11.58 per kg,https://foodlandbalaklava.com.au//lines/b-gold-tuna-chunk-oil-95g
Foodland Balaklava,2025-05-04 23:56:52,Black & Gold Tuna In Springwater,425g,N/A,$3.30,$7.76 per kg,https://foodlandbalaklava.com.au//lines/b-gold-tuna-chunk-sprwtr-425gm
Foodland Balaklava,2025-05-04 23:56:52,Black & Gold Vinegar Brown,1L,N/A,$1.80,$0.18 per 100mL,https://foodlandbalaklava.com.au//lines/b-gold-vinegar-brown-1l
Foodland Balaklava,2025-05-04 23:56:52,Black & Gold Wild Bird Mix,5kg,N/A,$10.50,$0.21 per 100g,https://foodlandbalaklava.com.au//lines/b-gold-wild-bird-mix-5kg
Foodland Balaklava,2025-05-04 23:56:52,Black & Gold Wooden Clothes Pegs 36pk,N/A,N/A,$3.10,$0.09 Each,https://foodlandbalaklava.com.au//lines/b-gold-pegs-wooden-36pk-295843
Foodland Balaklava,2025-05-04 23:56:52,Black & Gols Small Rubber Gloves,N/A,N/A,$1.40,N/A,https://foodlandbalaklava.com.au//lines/b-gold-glove-rubber-sml-2pk
Foodland Balaklava,2025-05-04 23:56:52,Black And Gold Air Fresh Lavender,200g,N/A,$3.00,$1.50 per 100g,https://foodlandbalaklava.com.au//lines/b-gold-air-fresh-lavender200gm
Foodland Balaklava,2025-05-04 23:56:52,Black And Gold Bleach Lemon,2L,N/A,$1.70,$0.85 per L,https://foodlandbalaklava.com.au//lines/b-gold-bleach-lemon-2l
Foodland Balaklava,2025-05-04 23:56:52,Black And Gold Broccoli Frozen Florets,1kg,N/A,$6.80,$6.80 per kg,https://foodlandbalaklava.com.au//lines/b-gold-brocoli-frzn-floret-1kg
Foodland Balaklava,2025-05-04 23:56:52,Black And Gold Cauliflower Florets,1kg,N/A,$6.00,$6.00 per kg,https://foodlandbalaklava.com.au//lines/b-gold-cauliflowr-floret-1kg
Foodland Balaklava,2025-05-04 23:56:54,Black And Gold Clothes Pegs Premium 48pk,N/A,N/A,$6.85,$0.14 Each,https://foodlandbalaklava.com.au//lines/b-gold-pegs-clothes-prem-48pk
Foodland Balaklava,2025-05-04 23:56:54,Black And Gold Dogfood Meat With Chicken,1.2kg,N/A,$3.60,$0.30 per 100g,https://foodlandbalaklava.com.au//lines/b-gold-dogfood-meat-chick1-2kg
Foodland Balaklava,2025-05-04 23:56:54,Black And Gold Foil Roaster Oval 1pk,N/A,N/A,$4.80,N/A,https://foodlandbalaklava.com.au//lines/b-gold-foil-roaster-oval-1pk
Foodland Balaklava,2025-05-04 23:56:54,Black And Gold Laundy Detergent Powder Concentrate Box,1kg,N/A,$4.00,$4.00 per kg,https://foodlandbalaklava.com.au//lines/b-gold-laun-det-pdr-conc-bx1kg
Foodland Balaklava,2025-05-04 23:56:54,Black And Gold Noodles Beef,5 x 85g,N/A,$2.00,$0.47 per 100g,https://foodlandbalaklava.com.au//lines/b-gold-noodles-beef-5x85gm
Foodland Balaklava,2025-05-04 23:56:54,Black And Gold Prunes,1kg,N/A,$8.00,$8.00 per kg,https://foodlandbalaklava.com.au//lines/b-gold-prunes-fancy-medium-1kg
Foodland Balaklava,2025-05-04 23:56:54,Black And Gold Short Cut Australian Bacon,250g,N/A,$6.40,$25.60 per kg,https://foodlandbalaklava.com.au//lines/b-gold-bacon-s-cut-aust-250g
Foodland Balaklava,2025-05-04 23:56:54,Black And Gold Spray Trigger,1L,N/A,$3.00,N/A,https://foodlandbalaklava.com.au//lines/b-gold-spray-trigger-1l
Foodland Balaklava,2025-05-04 23:56:54,Black And Gold Toilet Roll 2ply 260shts 12pk,N/A,N/A,$6.00,$0.19 per 100 Sheets,https://foodlandbalaklava.com.au//lines/b-gold-t-roll-2ply260shts-12pk
Foodland Balaklava,2025-05-04 23:56:54,Black And Gold Writing Pad A5 100 Leaf,N/A,N/A,$3.35,N/A,https://foodlandbalaklava.com.au//lines/b-gold-writing-pad-a5-100-leaf
Foodland Balaklava,2025-05-04 23:56:54,Black N Gold Mushroom Whole,184g,N/A,$1.10,$5.98 per kg,https://foodlandbalaklava.com.au//lines/b-gold-mshrm-whl-chmpgns184gm
Foodland Balaklava,2025-05-04 23:56:54,Black Velcro 70cm,N/A,N/A,$3.95,N/A,https://foodlandbalaklava.com.au//lines/black-velcro-70cm
Foodland Balaklava,2025-05-04 23:56:54,Blistex® Intensive Repair™ Spf15 Lip Balm,7g,N/A,$6.30,$90.00 per 100g,https://foodlandbalaklava.com.au//lines/blistex-intensive-repair-7gm
Foodland Balaklava,2025-05-04 23:56:54,Blistex® Lip Conditioner Spf 30,7g,was $6.85,$5.15,$73.57 per 100g,https://foodlandbalaklava.com.au//lines/blistex-lip-cond-spf30-7gm
Foodland Balaklava,2025-05-04 23:56:54,Blistex® Lip Conditioning Balm Spf 30,4.25g,was $5.80,$4.10,$102.50 per 100g,https://foodlandbalaklava.com.au//lines/blistex-lip-cond-balm-4-25gm-1
Foodland Balaklava,2025-05-04 23:56:54,Blitzem Snail And Slug Pellets,500g,N/A,$4.60,N/A,https://foodlandbalaklava.com.au//lines/blitzem-snail-slug-pellet500gm
Foodland Balaklava,2025-05-04 23:56:54,Blooker Cocoa Powder,250g,N/A,$11.00,$4.40 per 100g,https://foodlandbalaklava.com.au//lines/blooker-cocoa-powder-250g
Foodland Balaklava,2025-05-04 23:56:54,Bloom Potting Mix Blk Tick,25L,N/A,$9.35,N/A,https://foodlandbalaklava.com.au//lines/potting-mix-bloom-25l
Foodland Balaklava,2025-05-04 23:56:54,Blue Banner Pickled Onion Original,525g,was $6.99,$6.20,$11.81 per kg,https://foodlandbalaklava.com.au//lines/blue-banner-pickled-onion525gm
Foodland Balaklava,2025-05-04 23:56:54,Blue Bay Organic Kefir,1kg,N/A,$9.50,$0.95 per 100mL,https://foodlandbalaklava.com.au//lines/blue-bay-organic-kefir-1kg
Foodland Balaklava,2025-05-04 23:56:54,Blue Plastic Strips #​50s,N/A,N/A,$4.90,$0.10 Each,https://foodlandbalaklava.com.au//lines/blue-plastic-strips-50s
Foodland Balaklava,2025-05-04 23:56:54,Blue Ribbon Dessert Tub Cookies & Cream Made In Australia,2L,N/A,$6.50,$0.32 per 100mL,https://foodlandbalaklava.com.au//lines/str-b-ribbon-i-crm-ckies-crm2l
Foodland Balaklava,2025-05-04 23:56:54,Blue Ribbon Dessert Tub Neapolitan Made In Australia,2L,N/A,$6.50,$0.32 per 100mL,https://foodlandbalaklava.com.au//lines/str-b-ribbon-i-crm-neapol-2l
Foodland Balaklava,2025-05-04 23:56:54,Blue Wave Ckd Prwn T/​On,700g,N/A,$24.00,$34.29 per kg,https://foodlandbalaklava.com.au//lines/blue-wave-ckd-prwn-t-on-700g
Foodland Balaklava,2025-05-04 23:56:54,Blueberry Drink With Surprise,250mL,N/A,$2.99,$1.20 per 100mL,https://foodlandbalaklava.com.au//lines/blueberry-drink-with-surprise-250ml
Foodland Balaklava,2025-05-04 23:56:54,Bluewave Battered Whiting,1kg,N/A,$22.00,$22.00 per kg,https://foodlandbalaklava.com.au//lines/bluewave-battered-whiting-1kg
Foodland Balaklava,2025-05-04 23:56:54,Bluey Bubble Stickers *​3pk S/​C,N/A,N/A,$2.50,N/A,https://foodlandbalaklava.com.au//lines/bluey-bubble-stickers-3pk-s-c
Foodland Balaklava,2025-05-04 23:56:54,Bluey Colour By Number,N/A,N/A,$10.00,N/A,https://foodlandbalaklava.com.au//lines/bluey-colour-by-number
Foodland Balaklava,2025-05-04 23:56:54,Bluey Magazine,N/A,N/A,$6.70,N/A,https://foodlandbalaklava.com.au//lines/bluey-magazine
Foodland Balaklava,2025-05-04 23:56:54,Bluo Liquid,250mL,N/A,$3.95,$15.80 per L,https://foodlandbalaklava.com.au//lines/bluo-liquid-250ml
Foodland Balaklava,2025-05-04 23:56:54,Bob Martin Dewormer Cat $ Dog,N/A,N/A,$12.30,$6.15 Each,https://foodlandbalaklava.com.au//lines/b-martin-dog-dewormer-2-tab
Foodland Balaklava,2025-05-04 23:56:54,Bob Martin Dewormer Tablets,N/A,N/A,$19.20,$4.80 Each,https://foodlandbalaklava.com.au//lines/b-martin-dog-dewormer-4-tab
Foodland Balaklava,2025-05-04 23:56:54,Bob Martin Flea Rid Shampoo,250mL,N/A,$13.60,$54.40 per L,https://foodlandbalaklava.com.au//lines/b-martin-s-poo-dog-t-flea250ml
Foodland Balaklava,2025-05-04 23:56:54,Bob Martin Spot On For Cats & Kittens,N/A,N/A,$19.00,$9.50 Each,https://foodlandbalaklava.com.au//lines/b-martin-spot-on-kit-cat-4kg
Foodland Balaklava,2025-05-04 23:56:54,Bobbi Pins Black,N/A,N/A,$3.95,N/A,https://foodlandbalaklava.com.au//lines/uber-bobbi-pins-black
Foodland Balaklava,2025-05-04 23:56:54,Bobbi Pins Gold,N/A,N/A,$3.95,N/A,https://foodlandbalaklava.com.au//lines/uber-bobbi-pins-silver
Foodland Balaklava,2025-05-04 23:56:54,Bobby Pins Asst Colors,N/A,N/A,$4.95,N/A,https://foodlandbalaklava.com.au//lines/uber-clic-clac-blk-wht
Foodland Balaklava,2025-05-04 23:56:54,Body Science International Pty Ltd. Bsc High Protein Low Carb Protein Bar Choc Mint Flavour,60g,N/A,$5.25,$8.75 per 100g,https://foodlandbalaklava.com.au//lines/bsc-protein-bar-choc-mint-60g
Foodland Balaklava,2025-05-04 23:56:54,Body Science International Pty Ltd. Bsc High Protein Low Carb Protein Bar Cookies & Cream Flavour,60g,N/A,$5.25,$8.75 per 100g,https://foodlandbalaklava.com.au//lines/bsc-protein-bar-cookie-crm-60g
Foodland Balaklava,2025-05-04 23:56:54,Bondi Sands Self Tanning Light/​Medium Foam,200mL,N/A,$22.00,$11.00 per 100mL,https://foodlandbalaklava.com.au//lines/bondi-sands-tan-foam-l-m-200ml
Foodland Balaklava,2025-05-04 23:56:54,Bonds Baby Socks Light Low 3s,N/A,N/A,$9.45,$3.15 Each,https://foodlandbalaklava.com.au//lines/bonds-baby-socks-light-low-3s
Foodland Balaklava,2025-05-04 23:56:54,Bonds Baby Wonder Sock 00 3pk,N/A,N/A,$9.45,N/A,https://foodlandbalaklava.com.au//lines/bonds-baby-wonder-sock-000-3pk-1
Foodland Balaklava,2025-05-04 23:56:54,Bonds Boys Briefs,N/A,was $17.85,$8.50,N/A,https://foodlandbalaklava.com.au//lines/bonds-boys-brf-8-10-10-12-4pk
Foodland Balaklava,2025-05-04 23:56:54,Bonds Boys Briefs,N/A,was $17.85,$8.50,N/A,https://foodlandbalaklava.com.au//lines/bonds-boys-brf-2-4-4-6-6-8-4pk
Foodland Balaklava,2025-05-04 23:56:54,Bonds Comfy Black Bra,N/A,was $18.80,$8.95,N/A,https://foodlandbalaklava.com.au//lines/bonds-bra-wm-comfy-blk-s-m-1pk
Foodland Balaklava,2025-05-04 23:56:54,Bonds Comfy Black Crop Bra Size M/​L,N/A,was $18.80,$8.95,N/A,https://foodlandbalaklava.com.au//lines/bonds-bra-wm-comfy-blk-m-l-1pk
Foodland Balaklava,2025-05-04 23:56:54,Bonds Cotton Rich No Show 8+​1pk,N/A,was $5.25,$2.50,N/A,https://foodlandbalaklava.com.au//lines/bonds-cotn-rich-no-show-8-1pk
Foodland Balaklava,2025-05-04 23:56:54,Bonds Cotton Rich No Show Socks 4pk,N/A,was $5.25,$2.50,N/A,https://foodlandbalaklava.com.au//lines/bonds-cotn-rich-no-show-4-1pk
Foodland Balaklava,2025-05-04 23:56:55,Bonds Cottontail Briefs Size 18 - 20,N/A,was $17.00,$8.50,N/A,https://foodlandbalaklava.com.au//lines/bonds-wm-brief-cott-s18-20-2pk
Foodland Balaklava,2025-05-04 23:56:55,Bonds Girl/​Boy Zippy,N/A,N/A,$26.00,N/A,https://foodlandbalaklava.com.au//lines/bonds-zippy-grl-boy-bas-000-1s
Foodland Balaklava,2025-05-04 23:56:55,Bonds Hipster Bikini Breifs,N/A,was $24.00,$12.00,N/A,https://foodlandbalaklava.com.au//lines/bonds-brf-wmn-hip-bik-12-2pk
Foodland Balaklava,2025-05-04 23:56:55,Bonds Kids Logo Quarter Crew Socks 9-12,N/A,was $14.70,$7.00,N/A,https://foodlandbalaklava.com.au//lines/bonds-sock-kids-crw-qtr9-12-3p-2
Foodland Balaklava,2025-05-04 23:56:55,Bonds Ladies Footlets Size 4-7,N/A,was $5.25,$2.50,N/A,https://foodlandbalaklava.com.au//lines/bonds-ladies-footlets-4-7-1
Foodland Balaklava,2025-05-04 23:56:55,Bonds Ladies Sports 1/​4 Socks Size 3-8,N/A,was $16.00,$8.00,N/A,https://foodlandbalaklava.com.au//lines/bonds-sock-ldy-sprt-1-4-3-8-3p
Foodland Balaklava,2025-05-04 23:56:55,Bonds Lady Oxford Socks 3pk,N/A,was $16.59,$7.90,N/A,https://foodlandbalaklava.com.au//lines/bonds-sock-ldy-oxfrd-ass3-8-3p-1
Foodland Balaklava,2025-05-04 23:56:55,Bonds Lady Oxfords Socks Size 8 - 11,N/A,was $16.59,$7.90,N/A,https://foodlandbalaklava.com.au//lines/bonds-sock-ldy-oxfrd-8-11-3p-1
Foodland Balaklava,2025-05-04 23:56:55,Bonds Large Comfy Blush Bra,N/A,was $18.80,$8.95,N/A,https://foodlandbalaklava.com.au//lines/bonds-bra-wm-comfyblsh-m-l-1pk
Foodland Balaklava,2025-05-04 23:56:55,Bonds Large Total Package Men’​S Trunks,N/A,was $25.00,$12.50,N/A,https://foodlandbalaklava.com.au//lines/bonds-men-trnk-t-pkg-l-xl-1pk
Foodland Balaklava,2025-05-04 23:56:55,Bonds Low Cut Kids Socks Size 13-3,N/A,was $14.70,$7.00,N/A,https://foodlandbalaklava.com.au//lines/bonds-sock-kid-l-cut-sp-9-3pk-1
Foodland Balaklava,2025-05-04 23:56:55,Bonds Men Trnk Base L&​Xl 2pk,N/A,was $37.85,$18.00,N/A,https://foodlandbalaklava.com.au//lines/bonds-men-trnk-base-l-xl-2pk
Foodland Balaklava,2025-05-04 23:56:55,Bonds Men Trnk Base S&​M 2pk,N/A,was $37.85,$18.00,N/A,https://foodlandbalaklava.com.au//lines/bonds-men-trnk-base-s-m-2pk
Foodland Balaklava,2025-05-04 23:56:55,Bonds Mens Chafe Off L&​Xl 1pk,N/A,was $28.35,$13.50,N/A,https://foodlandbalaklava.com.au//lines/bonds-mens-chafe-off-l-xl-1pk
Foodland Balaklava,2025-05-04 23:56:55,Bonds Mens Chesty Ast20&​22 1pk,N/A,was $17.85,$8.50,N/A,https://foodlandbalaklava.com.au//lines/bonds-chesty-snglt-wh-20-1pk
Foodland Balaklava,2025-05-04 23:56:55,Bonds Mens Guyfront Trunk (​Mzvjs),N/A,was $25.00,$12.50,N/A,https://foodlandbalaklava.com.au//lines/bonds-trunk-men-guyfrnt-xlg1pk
Foodland Balaklava,2025-05-04 23:56:55,Bonds Men’​S Chesty Singlets,N/A,was $17.00,$8.50,N/A,https://foodlandbalaklava.com.au//lines/bonds-chesty-snglt-wh-18-1pk-1
Foodland Balaklava,2025-05-04 23:56:55,Bonds Men’​S Low Cut Sock Size 6 - 10,N/A,was $16.00,$8.00,N/A,https://foodlandbalaklava.com.au//lines/bonds-sock-men-l-cut-6-10-3pk-3
Foodland Balaklava,2025-05-04 23:56:55,Bonds Men’​S Quarter Socks Size 6 - 10,N/A,was $16.00,$8.00,N/A,https://foodlandbalaklava.com.au//lines/bonds-sock-men-logo-qtr-6-3pk-2
Foodland Balaklava,2025-05-04 23:56:55,Bonds Men’​S Xtemp Low Cut Socks Size 11+,N/A,was $16.00,$8.00,N/A,https://foodlandbalaklava.com.au//lines/bonds-sck-men-xtemp-l-c-11-2pk
Foodland Balaklava,2025-05-04 23:56:55,"Bonds Men’​S Xtemp, Low-Cut Sock Size 6+",N/A,was $16.00,$8.00,N/A,https://foodlandbalaklava.com.au//lines/bonds-sck-men-xtemp-l-c-6-2pk
Foodland Balaklava,2025-05-04 23:56:55,Bonds Opaque Black 40d Knee Highs,N/A,was $6.30,$3.00,N/A,https://foodlandbalaklava.com.au//lines/bonds-opaque-40d-kh-blk-1sz-1
Foodland Balaklava,2025-05-04 23:56:55,Bonds Sck Men Oxford 3pk,N/A,was $16.00,$8.00,N/A,https://foodlandbalaklava.com.au//lines/bonds-sck-men-oxford-3pk-1
Foodland Balaklava,2025-05-04 23:56:55,Bonds Sck Men Xtempqt 6+​11+​3pk,N/A,was $16.80,$8.00,N/A,https://foodlandbalaklava.com.au//lines/bonds-sck-men-xtempqt-6-11-3pk
Foodland Balaklava,2025-05-04 23:56:55,Bonds Sck Wmn N/​Shw 3+ 3pk,N/A,N/A,$16.80,N/A,https://foodlandbalaklava.com.au//lines/bonds-sck-wmn-n-shw-3-3pk
Foodland Balaklava,2025-05-04 23:56:55,Bonds Seamless Midi Briefs Size 12/​14,N/A,was $26.93,$12.80,N/A,https://foodlandbalaklava.com.au//lines/bonds-brf-wmn-seamfr-12-14-2pk
Foodland Balaklava,2025-05-04 23:56:55,Bonds Sock Men Logo Qtr 11+​3pk,N/A,was $16.00,$8.00,N/A,https://foodlandbalaklava.com.au//lines/bonds-sock-men-logo-qtr-11-3pk-2
Foodland Balaklava,2025-05-04 23:56:55,Bonds Sock Men Noshow 6-10 4pk,N/A,was $16.00,$8.00,N/A,https://foodlandbalaklava.com.au//lines/bonds-sock-men-noshow-6-10-4pk-2
Foodland Balaklava,2025-05-04 23:56:55,Bonds Sock Men Oxford Black 6-10 3pk,N/A,was $16.00,$8.00,N/A,https://foodlandbalaklava.com.au//lines/bonds-sck-mn-oxfrd-blk6-10-3p-1
Foodland Balaklava,2025-05-04 23:56:55,Bonds Sock Mens Logo Low Cut 11-14 3 Pack,N/A,was $16.00,$8.00,N/A,https://foodlandbalaklava.com.au//lines/bonds-sock-men-l-cut-11-14-3pk-3
Foodland Balaklava,2025-05-04 23:56:55,Bonds Sock Wmn Hme 3-8+ 2pk,N/A,was $15.75,$7.50,N/A,https://foodlandbalaklava.com.au//lines/bonds-sock-wmn-hme-3-8-2pk
Foodland Balaklava,2025-05-04 23:56:55,Bonds Sock Wmn No Show 8+ 4pk,N/A,was $16.00,$8.00,N/A,https://foodlandbalaklava.com.au//lines/bonds-sock-wmn-no-show-8-4pk-3
Foodland Balaklava,2025-05-04 23:56:55,Bonds Womens Hipster Boyleg Size 14 And 12 2 Pack,N/A,was $24.00,$12.00,N/A,https://foodlandbalaklava.com.au//lines/bonds-brf-wmn-hip-bl-12-2pk
Foodland Balaklava,2025-05-04 23:56:55,Bonds Womens Hipster Boyleg Size 14 And 16 2 Pack,N/A,was $24.00,$12.00,N/A,https://foodlandbalaklava.com.au//lines/bonds-brf-wmn-hip-bl-14-2pk-1
Foodland Balaklava,2025-05-04 23:56:55,Bonds Womens Seamless Brief 2pk 16/​18,N/A,was $26.93,$12.80,N/A,https://foodlandbalaklava.com.au//lines/bonds-brf-wmn-seamfr-16-18-2pk
Foodland Balaklava,2025-05-04 23:56:55,Bonds Women’​S Cotton Briefs Size 14-16,N/A,was $17.00,$8.50,N/A,https://foodlandbalaklava.com.au//lines/bonds-wm-brief-cott-s14-16-2pk
Foodland Balaklava,2025-05-04 23:56:55,Bonds Women’​S Cotton Hipster Brief Size 12,N/A,was $24.00,$12.00,N/A,https://foodlandbalaklava.com.au//lines/bonds-brf-wmn-hip-bik-16-2pk
Foodland Balaklava,2025-05-04 23:56:55,Bonds Women’​S Hipster Bikini Briefs Size 14,N/A,was $24.00,$12.00,N/A,https://foodlandbalaklava.com.au//lines/bonds-brf-wmn-hip-bik-14-2pk
Foodland Balaklava,2025-05-04 23:56:55,Bonds Women’​S Hipster Briefs,N/A,was $24.00,$12.00,N/A,https://foodlandbalaklava.com.au//lines/bonds-brf-wmn-hip-bik-10-2pk
Foodland Balaklava,2025-05-04 23:56:55,Bonds Women’​S Low Cut Socks Size 3-8,N/A,was $16.80,$8.00,N/A,https://foodlandbalaklava.com.au//lines/bonds-wmn-sck-xtm-l-cut3-8-2pk
Foodland Balaklava,2025-05-04 23:56:55,Bonds Women’​S No Show Socks Size 3 - 8,N/A,was $16.00,$8.00,N/A,https://foodlandbalaklava.com.au//lines/bonds-sock-wmn-noshow-2-8-4pk-3
Foodland Balaklava,2025-05-04 23:56:55,Bonds Women’​S Seamless Brief Size 12-14,N/A,was $26.93,$12.80,N/A,https://foodlandbalaklava.com.au//lines/bonds-brf-wm-s-less-12-14-2pk
Foodland Balaklava,2025-05-04 23:56:55,Bonds Women’​S Sneaker Sock Size 3+ & 8+,N/A,was $16.80,$8.00,N/A,https://foodlandbalaklava.com.au//lines/bonds-sock-wmn-snkr-3-8-4pk
Foodland Balaklava,2025-05-04 23:56:55,Bonds X/​Temp Men’​S Trunks Size S&​M,N/A,was $26.15,$12.50,N/A,https://foodlandbalaklava.com.au//lines/bonds-men-trnk-x-temp-s-m-1pk
Foodland Balaklava,2025-05-04 23:56:55,Bondsbonds Logo Socks With Logo Quarter Crew Size 13-3 Aussie Cotton 3pk,N/A,was $14.70,$7.00,N/A,https://foodlandbalaklava.com.au//lines/bonds-sock-kids-crew-qtr-13-3p-1
Foodland Balaklava,2025-05-04 23:56:55,Bonne Maman Apricot Conserve,370g,N/A,$7.50,$2.03 per 100g,https://foodlandbalaklava.com.au//lines/bonne-maman-cons-apr-370g
Foodland Balaklava,2025-05-04 23:56:55,Bonne Maman Cherry Conserve,370g,N/A,$7.50,$2.03 per 100g,https://foodlandbalaklava.com.au//lines/bonne-maman-cons-cherry-370g
Foodland Balaklava,2025-05-04 23:56:55,Bonne Maman Cons B/​Berry,370g,N/A,$7.50,$2.03 per 100g,https://foodlandbalaklava.com.au//lines/bonne-maman-cons-b-berry-370g
Foodland Balaklava,2025-05-04 23:56:56,Bonne Maman Fig Conserve,370g,N/A,$7.50,$2.03 per 100g,https://foodlandbalaklava.com.au//lines/bonne-maman-cons-fig-370g
Foodland Balaklava,2025-05-04 23:56:56,Bonox Beef Stock,230g,N/A,$5.80,$0.25 per 10g,https://foodlandbalaklava.com.au//lines/bonox-230gm-1
Foodland Balaklava,2025-05-04 23:56:56,Bonvit Dandelion Chai Filtr Bags 32s,N/A,N/A,$10.00,$1.11 per 10g,https://foodlandbalaklava.com.au//lines/bonvit-dandelion-chai-filtr-bags-32s
Foodland Balaklava,2025-05-04 23:56:56,Bonvit Roasted Dandelion Blend 32 Filter Bags,90g,N/A,$10.50,$1.17 per 10g,https://foodlandbalaklava.com.au//lines/bonvit-dandelion-filtr-bags-32s
Foodland Balaklava,2025-05-04 23:56:56,Boomas BBQ Burger Sauce,250mL,N/A,$13.00,$520.00 per 100mL,https://foodlandbalaklava.com.au//lines/boomas-bbq-burger-sauce-250ml
Foodland Balaklava,2025-05-04 23:56:56,Boost Jce Berry Happy,350mL,N/A,$4.40,$12.57 per L,https://foodlandbalaklava.com.au//lines/boost-jce-berry-happy-350ml
Foodland Balaklava,2025-05-04 23:56:56,Boost Jce Mngo Sunshine,1L,N/A,$6.50,$6.50 per L,https://foodlandbalaklava.com.au//lines/boost-jce-mngo-sunshine-1l
Foodland Balaklava,2025-05-04 23:56:56,Boost Juice All Berry Bang,1L,N/A,$6.50,$6.50 per L,https://foodlandbalaklava.com.au//lines/boost-jce-all-bry-bang-1l
Foodland Balaklava,2025-05-04 23:56:56,Boost Juice Energy Lift 1,N/A,N/A,$6.50,$6.50 per L,https://foodlandbalaklava.com.au//lines/boost-jce-energy-lift-1l
Foodland Balaklava,2025-05-04 23:56:56,Boost Peach Paradise,1L,N/A,$6.50,$6.50 per L,https://foodlandbalaklava.com.au//lines/boost-jce-pch-paradise-1l
Foodland Balaklava,2025-05-04 23:56:56,Boots Adults Snug Cosy,N/A,was $15.00,$14.00,N/A,https://foodlandbalaklava.com.au//lines/boots-adults-snug-cosy
Foodland Balaklava,2025-05-04 23:56:56,Bosisto's Antiseptic Spray,55mL,N/A,$8.40,$15.27 per 100mL,https://foodlandbalaklava.com.au//lines/bosistos-antiseptic-spray-55ml
Foodland Balaklava,2025-05-04 23:56:56,Bosisto's Banksia Flower & Lavender Hand Wash,500mL,N/A,$6.50,$1.30 per 100mL,https://foodlandbalaklava.com.au//lines/bosistos-h-wsh-bnk-lav-500ml
Foodland Balaklava,2025-05-04 23:56:56,Bosisto's Dust Mite Spray,200g,was $14.65,$8.95,$4.48 per 100g,https://foodlandbalaklava.com.au//lines/bosistos-dust-mite-spray-200gm
Foodland Balaklava,2025-05-04 23:56:56,Bosisto's Eucalyptus Oil,50mL,N/A,$6.30,$12.60 per 100mL,https://foodlandbalaklava.com.au//lines/bosistos-oil-eucalyptus-50ml
Foodland Balaklava,2025-05-04 23:56:56,Bosisto's Eucalyptus Solution,500mL,N/A,$14.70,$2.94 per 100mL,https://foodlandbalaklava.com.au//lines/bosistos-eucalyptus-solu-500ml
Foodland Balaklava,2025-05-04 23:56:56,Bosisto's Eucalyptus Spray,200g,was $11.15,$8.50,$4.25 per 100g,https://foodlandbalaklava.com.au//lines/bosistos-eucalyptus-spry-200gm
Foodland Balaklava,2025-05-04 23:56:56,Bosisto's Eucalyptus Throat Lozenges,50g,N/A,$4.00,$8.00 per 100g,https://foodlandbalaklava.com.au//lines/bosistos-euc-drops-s-free-50gm
Foodland Balaklava,2025-05-04 23:56:56,Bosisto's Floor Cleaner,750mL,was $6.85,$4.65,$0.62 per 100mL,https://foodlandbalaklava.com.au//lines/bosistos-flr-cln-nat-str-750ml
Foodland Balaklava,2025-05-04 23:56:56,Bosisto's Kakadu Plum & Lemon Myrtle Body Wash,1L,N/A,$16.00,$1.60 per 100mL,https://foodlandbalaklava.com.au//lines/bosistos-b-wsh-plum-lmn-1l
Foodland Balaklava,2025-05-04 23:56:56,Bosisto's Multipurpose Cleaner,500mL,was $5.80,$3.70,$0.74 per 100mL,https://foodlandbalaklava.com.au//lines/bosistos-clnr-m-purpose-500ml
Foodland Balaklava,2025-05-04 23:56:56,Bosisto's Sensitive Laundry Powder,1kg,N/A,$12.60,$12.60 per kg,https://foodlandbalaklava.com.au//lines/bosistos-ldy-pwdr-e-frsh-1kg
Foodland Balaklava,2025-05-04 23:56:56,Bosisto's Tea Tree Spray,125g,N/A,$13.65,$10.92 per 100g,https://foodlandbalaklava.com.au//lines/bosistos-spray-tea-tree-125gm
Foodland Balaklava,2025-05-04 23:56:56,Bosisto’​S Banksia Flower & Lavender Hand Wash Refill,1L,N/A,$15.00,$1.50 per 100mL,https://foodlandbalaklava.com.au//lines/bosistos-h-wsh-bnk-lav-r-f-1l
Foodland Balaklava,2025-05-04 23:56:56,Bostik Blu Stik,35g,N/A,$3.90,N/A,https://foodlandbalaklava.com.au//lines/bostik-blu-stik-35gm
Foodland Balaklava,2025-05-04 23:56:56,Bostik Blu Tack Colour,75g,N/A,$4.20,N/A,https://foodlandbalaklava.com.au//lines/bostik-blu-tack-colour-75gm
Foodland Balaklava,2025-05-04 23:56:56,Bostik Glue Stick,35g,N/A,$3.80,N/A,https://foodlandbalaklava.com.au//lines/bostik-glue-stick-35gm
Foodland Balaklava,2025-05-04 23:56:56,Boston Bay Mussels Mussel Hot Pot In Tomato Broth,600g,N/A,$12.00,$20.00 per kg,https://foodlandbalaklava.com.au//lines/b-bay-mussel-h-pot-in-tmt600gm
Foodland Balaklava,2025-05-04 23:56:56,Boston Bay Mussels Mussel Hot Pot With White Wine & Garlic,600g,N/A,$12.00,$20.00 per kg,https://foodlandbalaklava.com.au//lines/b-bay-mussel-h-pot-wne-ga600gm
Foodland Balaklava,2025-05-04 23:56:56,Botanica By Air Wick Jasmine And Sri Lankan Cinnamon Leaf Automatic Spray Refill,224mL,N/A,$15.00,$6.70 per 100mL,https://foodlandbalaklava.com.au//lines/a-wick-btnica-jas-cin-rf-224ml
Foodland Balaklava,2025-05-04 23:56:56,Botanica By Air Wick Non-Aerosol Room Spray French Lavender & Honey Blossom,236mL,was $9.45,$8.80,N/A,https://foodlandbalaklava.com.au//lines/a-wick-btnicl-french-lav-236ml
Foodland Balaklava,2025-05-04 23:56:56,Botanica By Air Wick Non-Aerosol Room Spray Island Rose & African Geranium,236mL,was $9.45,$8.80,N/A,https://foodlandbalaklava.com.au//lines/a-wick-btnicl-island-rse-236ml
Foodland Balaklava,2025-05-04 23:56:56,Botanica By Air Wick Reed Diffuser Island Rose & African Geranium,80mL,N/A,$20.00,$25.00 per 100mL,https://foodlandbalaklava.com.au//lines/a-wick-btnic-reed-rse-ger-80ml
Foodland Balaklava,2025-05-04 23:56:56,Botanica By Air Wick Reed Diffuser Vanilla & Himalayan Magnolia,80mL,N/A,$20.00,$25.00 per 100mL,https://foodlandbalaklava.com.au//lines/a-wick-btnic-reed-van-mag-80ml
Foodland Balaklava,2025-05-04 23:56:56,Botanica By Air Wick Vanilla & Himalayan Magnolia Automatic Spray Starter Kit,224mL,N/A,$26.00,$11.61 per 100mL,https://foodlandbalaklava.com.au//lines/a-wick-btnica-van-mag-prm224ml
Foodland Balaklava,2025-05-04 23:56:56,Botanica By Air Wick Vanilla And Himalayan Magnolia Automatic Spray Refill,224mL,N/A,$15.00,$6.70 per 100mL,https://foodlandbalaklava.com.au//lines/a-wick-btnica-van-mag-rf-224ml
Foodland Balaklava,2025-05-04 23:56:56,Bow Wow Beef & Roo Rolls,N/A,N/A,$11.00,$2.75 Each,https://foodlandbalaklava.com.au//lines/bow-wow-roo-rolls-4pk
Foodland Balaklava,2025-05-04 23:56:56,Bowl With Lid,N/A,was $5.51,$5.00,N/A,https://foodlandbalaklava.com.au//lines/bowl-with-lid
Foodland Balaklava,2025-05-04 23:56:56,Bp Salt & Pepper Coat,40g,N/A,$3.29,$8.22 per 100g,https://foodlandbalaklava.com.au//lines/bp-salt-pepper-coat-40g
Foodland Balaklava,2025-05-04 23:56:56,Brasilia Beans Italian Espresso,500g,N/A,$17.65,$35.30 per kg,https://foodlandbalaklava.com.au//lines/brasilia-coff-bn-esprsso-500gm
Foodland Balaklava,2025-05-04 23:56:56,Brasilia Ground Italian Espresso,250g,N/A,$10.10,$4.04 per 100g,https://foodlandbalaklava.com.au//lines/brasilia-coff-grd-italn-250gm
Foodland Balaklava,2025-05-04 23:56:56,Brasilia Ground Supa Crema,250g,N/A,$10.10,$4.04 per 100g,https://foodlandbalaklava.com.au//lines/brasilia-coff-grd-s-crem-250gm
Foodland Balaklava,2025-05-04 23:56:56,Brasso Metalware Polish,250mL,N/A,$14.50,$5.80 per 100mL,https://foodlandbalaklava.com.au//lines/brasso-metal-polish-250ml
Foodland Balaklava,2025-05-04 23:56:56,Breeders Choice Cat Litter,15L,N/A,$21.50,$1.43 per L,https://foodlandbalaklava.com.au//lines/breeders-chce-cat-litter-15l
Foodland Balaklava,2025-05-04 23:56:56,Breeders Choice Cat Litter,6L,N/A,$10.00,$1.67 per L,https://foodlandbalaklava.com.au//lines/breeders-chce-cat-litter-6l
Foodland Balaklava,2025-05-04 23:56:56,Breeders Choice Duck With Rosemary And Catnip Tasty Treats,120g,was $7.35,$4.65,$3.88 per 100g,https://foodlandbalaklava.com.au//lines/breeders-chce-trt-dk-rsmy120gm
Foodland Balaklava,2025-05-04 23:56:56,Breeder’​S Choice Beef With Herb & Catnip Tasty Treats,120g,was $7.35,$4.65,$3.88 per 100g,https://foodlandbalaklava.com.au//lines/breeders-chce-trt-bf-hrb-120g
Foodland Balaklava,2025-05-04 23:56:56,Bref Arctic Ocean Brilliant Gel,242g,was $13.75,$5.50,$6.55 per 100g,https://foodlandbalaklava.com.au//lines/bref-brill-gel-arct-ocn-2-x-42g
Foodland Balaklava,2025-05-04 23:56:57,"Bref Blue Active Eucalyptus, Rim Block Toilet Cleaner,",2 x 50g,was $11.55,$5.50,$5.50 per 100g,https://foodlandbalaklava.com.au//lines/bref-blue-act-eucalypt-2x50gm
Foodland Balaklava,2025-05-04 23:56:57,"Bref Blue Active Eucalyptus, Rim Block Toilet Cleaner,",50g,was $7.35,$6.50,$13.00 per 100g,https://foodlandbalaklava.com.au//lines/bref-blu-active-e-lyptus-50gm
Foodland Balaklava,2025-05-04 23:56:57,"Bref Blue Active Flower Blossom, Rim Block Toilet Cleaner,",2 x 50g,was $11.55,$5.50,$5.50 per 100g,https://foodlandbalaklava.com.au//lines/bref-blue-act-flower-2-x-50g
Foodland Balaklava,2025-05-04 23:56:57,"Bref Brilliant Gel Spring Rain, Rim Block Toilet Cleaner",42g,was $7.35,$6.50,$15.48 per 100g,https://foodlandbalaklava.com.au//lines/bref-brill-gel-sprng-rain-42gm
Foodland Balaklava,2025-05-04 23:56:57,Bref De Luxe Delicate Magnolia Toilet Thingy,N/A,was $13.75,$5.50,$5.50 per 100g,https://foodlandbalaklava.com.au//lines/bref-deluxe-magnolia-2pk-100gm
Foodland Balaklava,2025-05-04 23:56:57,Bref Deluxe Active Gel Delicate Magnolia Toilet Cleaner,600mL,was $7.35,$6.30,$1.05 per 100mL,https://foodlandbalaklava.com.au//lines/bref-delux-act-gel-mgnl-600ml
Foodland Balaklava,2025-05-04 23:56:57,Bref Deluxe Active Gel Lovely Jasmine Toilet Cleaner,600mL,was $7.35,$6.30,$1.05 per 100mL,https://foodlandbalaklava.com.au//lines/bref-delux-act-gel-jasm-600ml
Foodland Balaklava,2025-05-04 23:56:57,"Bref Deluxe Delicate Magnolia, Rim Block Toilet Cleaner,",50g,was $7.35,$6.50,$13.00 per 100g,https://foodlandbalaklava.com.au//lines/bref-tlt-clnr-dlx-magnol-50gm
Foodland Balaklava,2025-05-04 23:56:57,Bref Duo Cubes Flower In Cistern Toilet Cleaner2x50g,2 x 50g,was $6.30,$5.00,$5.00 per 100g,https://foodlandbalaklava.com.au//lines/bref-duo-cubes-flower-2-x-50g
Foodland Balaklava,2025-05-04 23:56:57,Bref Duo Cubes Original In Cistern,2 x 50g,was $6.30,$5.00,$5.00 per 100g,https://foodlandbalaklava.com.au//lines/bref-duo-cubes-orig2x50gm
Foodland Balaklava,2025-05-04 23:56:57,"Bref Escapes Hawaii, Rim Block Toilet Cleaner,",50g,was $7.35,$6.50,$13.00 per 100g,https://foodlandbalaklava.com.au//lines/bref-tlt-pwr-act-trp-haw-50gm
Foodland Balaklava,2025-05-04 23:56:57,"Bref Power Active Flower Blossom, Rim Block Toilet Cleaner,",2 x 50g,was $11.55,$5.50,$5.50 per 100g,https://foodlandbalaklava.com.au//lines/bref-pow-act-f-flowers-2x50gm
Foodland Balaklava,2025-05-04 23:56:57,"Bref Power Active Flower Blossom, Rim Block Toilet Cleaner,",50g,was $7.35,$6.50,$13.00 per 100g,https://foodlandbalaklava.com.au//lines/bref-power-active-f-flwers50gm
Foodland Balaklava,2025-05-04 23:56:57,Bref Power Active Gel Eucalyptus Toilet Cleaner,700mL,was $7.35,$6.30,$0.90 per 100mL,https://foodlandbalaklava.com.au//lines/bref-pow-act-gel-eucalypt700ml
Foodland Balaklava,2025-05-04 23:56:57,Bref Power Active Gel Flower Blossom Toilet Cleaner,700mL,was $7.35,$6.30,$0.90 per 100mL,https://foodlandbalaklava.com.au//lines/bref-pow-act-gel-blossom-700ml
Foodland Balaklava,2025-05-04 23:56:57,"Bref Power Active Juicy Lemon, Rim Block Toilet Cleaner,",50g,was $7.35,$6.50,$13.00 per 100g,https://foodlandbalaklava.com.au//lines/bref-power-active-lemon50gm
Foodland Balaklava,2025-05-04 23:56:57,"Bref Power Active Lavender Field, Rim Block Toilet Cleaner,",50g,was $7.35,$6.50,$13.00 per 100g,https://foodlandbalaklava.com.au//lines/bref-power-active-lavendr-50gm
Foodland Balaklava,2025-05-04 23:56:57,"Bref Power Active Ocean Breeze, Rim Block Toilet Cleaner,",2 x 50g,was $11.55,$5.50,$5.50 per 100g,https://foodlandbalaklava.com.au//lines/bref-pow-act-ocn-brze-2x50gm
Foodland Balaklava,2025-05-04 23:56:57,"Bref Purple Active Lavender, Rim Block Toilet Cleaner,",50g,was $7.35,$6.50,$13.00 per 100g,https://foodlandbalaklava.com.au//lines/bref-active-purpl-lav-50gm
Foodland Balaklava,2025-05-04 23:56:57,Bref Ultimate Gel Anti Stain Technology Lavender Toilet Cleaner,600mL,was $7.35,$6.30,$1.05 per 100mL,https://foodlandbalaklava.com.au//lines/bref-ult-gel-anti-stain-600ml
Foodland Balaklava,2025-05-04 23:56:57,Bright Wipes Anti Fog #​20pcs,N/A,N/A,$4.95,$0.25 Each,https://foodlandbalaklava.com.au//lines/bright-wipes-anti-fog-20pcs
Foodland Balaklava,2025-05-04 23:56:57,Brioche Burger Buns,200g,N/A,$3.45,$1.72 per 100g,https://foodlandbalaklava.com.au//lines/brioche-buns-burger-4pk-200g
Foodland Balaklava,2025-05-04 23:56:57,Brita Marella Jug Blue,2.4L,N/A,$39.90,N/A,https://foodlandbalaklava.com.au//lines/brita-marella-cool-blue-2-4l-2
Foodland Balaklava,2025-05-04 23:56:57,Brita Maxtra Pro Pure Performance 2 Pack (​2 Pack) 1 Each,N/A,N/A,$31.00,N/A,https://foodlandbalaklava.com.au//lines/brita-filter-maxtra-2pk-2
Foodland Balaklava,2025-05-04 23:56:57,Britex Carpet Clearner 24hr Hire,N/A,N/A,$44.90,N/A,https://foodlandbalaklava.com.au//lines/britex-carpet-clearner-24hr-hire
Foodland Balaklava,2025-05-04 23:56:57,Britex Concentrated Carpet Cleaner,1L,N/A,$34.99,$3.50 per 100mL,https://foodlandbalaklava.com.au//lines/britex-deep-cleaning-carpet-clnr-1l
Foodland Balaklava,2025-05-04 23:56:57,Britex Odour Eliminator,500mL,N/A,$17.15,$3.43 per 100mL,https://foodlandbalaklava.com.au//lines/britex-odour-eliminator-500ml
Foodland Balaklava,2025-05-04 23:56:57,Britex Univ Spot+​St/​Remov500ml,N/A,N/A,$11.55,$2.31 per 100mL,https://foodlandbalaklava.com.au//lines/britex-univ-spot-st-remov500ml-1
Foodland Balaklava,2025-05-04 23:56:57,Britex Weekend Hire,N/A,N/A,$54.00,N/A,https://foodlandbalaklava.com.au//lines/britex-weekend-hire
Foodland Balaklava,2025-05-04 23:56:57,Broccoli And Cauliflower Pack,N/A,N/A,$5.50,N/A,https://foodlandbalaklava.com.au//lines/broccoli-and-cauliflower-pack
Foodland Balaklava,2025-05-04 23:56:57,Brownes Buttermilk,500mL,was $4.90,$3.95,$7.90 per L,https://foodlandbalaklava.com.au//lines/brownes-buttermilk-500ml
Foodland Balaklava,2025-05-04 23:56:57,Brownes Cheddar Cheese,200g,was $8.40,$6.95,$34.75 per kg,https://foodlandbalaklava.com.au//lines/brownes-chse-ched-onion-200gm
Foodland Balaklava,2025-05-04 23:56:57,Brownes Custard Vanilla,1kg,was $9.55,$5.90,$0.59 per 100g,https://foodlandbalaklava.com.au//lines/brownes-custard-vanilla-1kg
Foodland Balaklava,2025-05-04 23:56:57,Brownes Dairy Mature Wa Cheddar,400g,N/A,$10.40,$26.00 per kg,https://foodlandbalaklava.com.au//lines/brownes-chse-ched-mature-400gm
Foodland Balaklava,2025-05-04 23:56:57,Brownes Dairy Red Leicester,200g,was $12.30,$8.50,$42.50 per kg,https://foodlandbalaklava.com.au//lines/brownes-chse-red-lcster-200gm
Foodland Balaklava,2025-05-04 23:56:57,Brownes Dairy Wiggles Yogurt Pouch Strawberry,90g,N/A,$2.10,$2.33 per 100g,https://foodlandbalaklava.com.au//lines/brownes-ygt-wiggles-sbry-90gm
Foodland Balaklava,2025-05-04 23:56:57,Brownes Natural Yoghurt Peaches & Cream,1kg,was $8.65,$5.95,$0.60 per 100g,https://foodlandbalaklava.com.au//lines/brownes-ygt-peaches-and-cream-1kg
Foodland Balaklava,2025-05-04 23:56:57,Brownes Vintage Cheddar,200g,was $8.40,$6.95,$34.75 per kg,https://foodlandbalaklava.com.au//lines/brownes-chse-ched-vintge-200gm
Foodland Balaklava,2025-05-04 23:56:57,Brownes Ygt Wiggles B/​Bry,90g,N/A,$2.10,$2.33 per 100g,https://foodlandbalaklava.com.au//lines/brownes-ygt-wiggles-b-bry-90gm
Foodland Balaklava,2025-05-04 23:56:57,Brownes Ygt Wiggles Van Bn90gm,N/A,N/A,$2.10,$2.33 per 100g,https://foodlandbalaklava.com.au//lines/brownes-ygt-wiggles-van-bn90gm
Foodland Balaklava,2025-05-04 23:56:57,Brownes Yoghurt Traditional Strawberry,1kg,was $8.65,$5.95,$0.60 per 100g,https://foodlandbalaklava.com.au//lines/brownes-ygt-nat-stwbry-1kg
Foodland Balaklava,2025-05-04 23:56:57,Brun Cactus & Succulent P/​Mix,5L,N/A,$10.80,$2.16 per L,https://foodlandbalaklava.com.au//lines/brunnings-cactus-succulent-p-mix-5l
Foodland Balaklava,2025-05-04 23:56:57,Brun Complete Manure D,5kg,N/A,$18.99,N/A,https://foodlandbalaklava.com.au//lines/brun-complete-manure-d-5kg
Foodland Balaklava,2025-05-04 23:56:57,Brun Food Storage Cont,4L,N/A,$7.00,N/A,https://foodlandbalaklava.com.au//lines/brun-food-storage-cont-4l
Foodland Balaklava,2025-05-04 23:56:57,Brun Food Storage Cont,6L,N/A,$9.00,N/A,https://foodlandbalaklava.com.au//lines/brun-food-storage-cont-6l
Foodland Balaklava,2025-05-04 23:56:57,Brun Food Storage Cont,9L,N/A,$12.00,N/A,https://foodlandbalaklava.com.au//lines/brun-food-storage-cont-9l
Foodland Balaklava,2025-05-04 23:56:57,Brun Sure Grip Garden Gloves,N/A,N/A,$12.00,N/A,https://foodlandbalaklava.com.au//lines/brun-sure-grip-garden-gloves
Foodland Balaklava,2025-05-04 23:56:57,Brunnings 12mm Hose Connector,N/A,N/A,$3.20,N/A,https://foodlandbalaklava.com.au//lines/brun-hose-connector-12mm
Foodland Balaklava,2025-05-04 23:56:58,Brunnings 12mm Hose Connector Set,N/A,N/A,$7.30,N/A,https://foodlandbalaklava.com.au//lines/brun-hose-connector-set-12mm
Foodland Balaklava,2025-05-04 23:56:58,Brunnings 12mm Tap Adapter,N/A,N/A,$2.70,N/A,https://foodlandbalaklava.com.au//lines/brunnings-tap-adapter-12mm
Foodland Balaklava,2025-05-04 23:56:58,Brunnings Blood N Bone,2.5kg,N/A,$15.00,$6.00 per kg,https://foodlandbalaklava.com.au//lines/brunnings-blood-n-bone-2-5kg
Foodland Balaklava,2025-05-04 23:56:58,Brunnings Cotton Work Gloves,N/A,N/A,$12.00,$4.00 Each,https://foodlandbalaklava.com.au//lines/cotton-work-gloves-triple-pk
Foodland Balaklava,2025-05-04 23:56:58,Brunnings Eco Pest Oil,1L,N/A,$12.00,$12.00 per L,https://foodlandbalaklava.com.au//lines/multicorp-ecopest-oil-1l
Foodland Balaklava,2025-05-04 23:56:58,Brunnings Feed N Weed Bonus,2.7L,N/A,$17.00,$6.30 per L,https://foodlandbalaklava.com.au//lines/bruns-feed-n-weed-bns-2-7l
Foodland Balaklava,2025-05-04 23:56:58,Brunnings Feed N Weed Granular,5kg,N/A,$16.99,N/A,https://foodlandbalaklava.com.au//lines/brunnings-feed-n-weed-granular-5kg
Foodland Balaklava,2025-05-04 23:56:58,Brunnings Fert C/​Grdn,2.5kg,N/A,$11.99,N/A,https://foodlandbalaklava.com.au//lines/brunnings-fert-c-grdn-2-5kg
Foodland Balaklava,2025-05-04 23:56:58,Brunnings Fertaliser All Purpose,500g,N/A,$5.50,$1.10 per 100g,https://foodlandbalaklava.com.au//lines/brunnings-fert-a-purp-500gm
Foodland Balaklava,2025-05-04 23:56:58,Brunnings Fertiliser Rose Food (​2.​5kg),N/A,N/A,$12.00,$4.80 per kg,https://foodlandbalaklava.com.au//lines/brunnings-fert-rose-food-2-5kg
Foodland Balaklava,2025-05-04 23:56:58,Brunnings Glyphoste Weed Kill 1,N/A,N/A,$20.00,N/A,https://foodlandbalaklava.com.au//lines/glyphosate-weed-kill-100g-l-1l
Foodland Balaklava,2025-05-04 23:56:58,Brunnings Green Up Lawn Food (​2.​5kg),N/A,N/A,$12.99,N/A,https://foodlandbalaklava.com.au//lines/brunnings-fert-green-up-2-5kg
Foodland Balaklava,2025-05-04 23:56:58,Brunnings Green Up Lawn Food,5kg,N/A,$22.99,$4.60 per kg,https://foodlandbalaklava.com.au//lines/brunnings-green-up-lawn-food-5kg
Foodland Balaklava,2025-05-04 23:56:58,Brunnings Heavy Duty Baited Rat Trap,N/A,N/A,$23.00,$11.50 Each,https://foodlandbalaklava.com.au//lines/time-s-up-baited-rat-traps-2pk
Foodland Balaklava,2025-05-04 23:56:58,Brunnings Hose Soaker,15m,N/A,$25.50,N/A,https://foodlandbalaklava.com.au//lines/brun-soaker-hose-15m
Foodland Balaklava,2025-05-04 23:56:58,Brunnings Kikuya Lawn Seed,1kg,N/A,$23.00,$23.00 per kg,https://foodlandbalaklava.com.au//lines/kikuyu-lawn-seed-blend-1kg
Foodland Balaklava,2025-05-04 23:56:58,Brunnings Lawn Seed Tough,1kg,N/A,$13.50,$13.50 per kg,https://foodlandbalaklava.com.au//lines/brunnings-lawn-seed-tough-1kg
Foodland Balaklava,2025-05-04 23:56:58,Brunnings Native Garden Food,2.5kg,N/A,$12.99,N/A,https://foodlandbalaklava.com.au//lines/fert-native-grden-food2-5k
Foodland Balaklava,2025-05-04 23:56:58,Brunnings Potting Mix Nat Good,25L,N/A,$8.95,$0.36 per L,https://foodlandbalaklava.com.au//lines/brunnings-p-mix-nat-good-25l-1
Foodland Balaklava,2025-05-04 23:56:58,Brunnings Premium Hose,15m,N/A,$35.00,N/A,https://foodlandbalaklava.com.au//lines/brunnings-premium-hose-15m
Foodland Balaklava,2025-05-04 23:56:58,Brunnings Pressure Sprayer,2L,N/A,$14.00,N/A,https://foodlandbalaklava.com.au//lines/pressure-sprayer-2lt
Foodland Balaklava,2025-05-04 23:56:58,Brunnings Rose Spray Ready To Use,1L,N/A,$11.00,$11.00 per L,https://foodlandbalaklava.com.au//lines/brun-rose-spray-rtu-1lt
Foodland Balaklava,2025-05-04 23:56:58,Brunnings Seed Raising Mix,5L,N/A,$8.35,$1.67 per L,https://foodlandbalaklava.com.au//lines/brunnings-seed-raising-mix-5l
Foodland Balaklava,2025-05-04 23:56:58,Brunnings Weed Kill Rtu,1L,N/A,$12.00,$12.00 per L,https://foodlandbalaklava.com.au//lines/brun-weed-kill-rtu-1lt
Foodland Balaklava,2025-05-04 23:56:58,Brunswick Sardines Soya Oil,106g,N/A,$3.05,$28.77 per kg,https://foodlandbalaklava.com.au//lines/brunswick-sardines-soya-oil-106g
Foodland Balaklava,2025-05-04 23:56:58,Brunswick Sardines Spring Water,106g,N/A,$3.05,$28.77 per kg,https://foodlandbalaklava.com.au//lines/brunswick-sardines-spring-water-106g
Foodland Balaklava,2025-05-04 23:56:58,Brussel Sprouts,400g,N/A,$5.00,$12.50 per kg,https://foodlandbalaklava.com.au//lines/brussel-sprouts-400g
Foodland Balaklava,2025-05-04 23:56:58,Brussel Sprouts Loose Kg,N/A,N/A,$11.90,N/A,https://foodlandbalaklava.com.au//lines/brussel-sprouts-loose-kg-1
Foodland Balaklava,2025-05-04 23:56:58,Brussels Sprouts Pre Packed,200g,N/A,$5.40,$21.60 per kg,https://foodlandbalaklava.com.au//lines/brussels-sprouts-pre-pack-200g
Foodland Balaklava,2025-05-04 23:56:58,Brut Endurance 48hr Ultra Dry Anti-Perspirant,130g,N/A,$8.95,$6.88 per 100g,https://foodlandbalaklava.com.au//lines/brut-anti-pers-48hr-endur130gm
Foodland Balaklava,2025-05-04 23:56:58,Brut Original 72hr Anti-Perspirant,130g,N/A,$11.15,$8.58 per 100g,https://foodlandbalaklava.com.au//lines/brut-anti-pers-72hr-orig-130g
Foodland Balaklava,2025-05-04 23:56:58,Brut Original After Shave Lotion,100mL,was $13.15,$11.65,$11.65 per 100mL,https://foodlandbalaklava.com.au//lines/brut-33-aftershave-100ml
Foodland Balaklava,2025-05-04 23:56:58,Brut Original Body Spray,130g,N/A,$8.95,$6.88 per 100g,https://foodlandbalaklava.com.au//lines/brut-orig-body-spray-130gm
Foodland Balaklava,2025-05-04 23:56:58,Brut Original Shave Foam,250g,was $4.75,$3.40,$1.36 per 100g,https://foodlandbalaklava.com.au//lines/brut-33-shave-crm-orginl-250gm
Foodland Balaklava,2025-05-04 23:56:58,Brut Original Shower Gel,500mL,N/A,$8.95,$1.79 per 100mL,https://foodlandbalaklava.com.au//lines/brut-orig-shower-gel-500ml
Foodland Balaklava,2025-05-04 23:56:58,Brut Original Splash On,200mL,N/A,$11.55,$5.78 per 100mL,https://foodlandbalaklava.com.au//lines/brut-33-splash-on-200ml
Foodland Balaklava,2025-05-04 23:56:58,Brylcreem Hair Cream Protein Enriched,150mL,N/A,$6.25,$4.17 per 100mL,https://foodlandbalaklava.com.au//lines/brylcreem-hair-crm-prot-150ml
Foodland Balaklava,2025-05-04 23:56:58,"Bubble O Bill Streets Ice Cream Chocolate, Caramel & Strawberry Mp4",404mL,N/A,$10.50,$2.60 per 100mL,https://foodlandbalaklava.com.au//lines/str-m-p-bubble-o-bill-4s
Foodland Balaklava,2025-05-04 23:56:58,Bubbles,4 x 60mL,N/A,$3.15,N/A,https://foodlandbalaklava.com.au//lines/bubbles-4x60ml
Foodland Balaklava,2025-05-04 23:56:58,Bucket & Spade Set*,N/A,N/A,$4.00,N/A,https://foodlandbalaklava.com.au//lines/bucket-spade-set
Foodland Balaklava,2025-05-04 23:56:58,Buddee Nut Free Smooth Spread,270g,N/A,$6.20,$2.30 per 100g,https://foodlandbalaklava.com.au//lines/buddee-smooth-spread-270g
Foodland Balaklava,2025-05-04 23:56:58,Buffalo Table Tennis Ball 6pk,N/A,N/A,$7.50,$1.25 Each,https://foodlandbalaklava.com.au//lines/buffalo-table-tennis-ball-6pk
Foodland Balaklava,2025-05-04 23:56:58,Buffalo Table Tennis Set 2p,N/A,N/A,$12.00,N/A,https://foodlandbalaklava.com.au//lines/buffalo-table-tennis-set-2p
Foodland Balaklava,2025-05-04 23:56:58,Bulla Australian Style Mango Yoghurt,160g,was $2.50,$1.25,$0.78 per 100g,https://foodlandbalaklava.com.au//lines/bulla-ygt-aus-styl-mngo-160gm
Foodland Balaklava,2025-05-04 23:56:58,Bulla Australian Style Vanilla Yoghurt,160mL,was $2.50,$1.25,$0.78 per 100g,https://foodlandbalaklava.com.au//lines/bulla-ygt-aus-styl-van-160gm
Foodland Balaklava,2025-05-04 23:56:58,Bulla Caramel Fudge Ice Cream,N/A,N/A,$9.45,$1.58 per 100mL,https://foodlandbalaklava.com.au//lines/bulla-i-crm-bar-fudge-cara-8pk
Foodland Balaklava,2025-05-04 23:56:58,Bulla Chocolate & Fudge Ripple Murray St Ice Creamery,1L,N/A,$12.60,$1.26 per 100mL,https://foodlandbalaklava.com.au//lines/bulla-i-crm-m-st-choc-fudge-1l
Foodland Balaklava,2025-05-04 23:56:58,Bulla Chocolate & Honeycomb Cones,N/A,N/A,$10.50,$2.02 per 100mL,https://foodlandbalaklava.com.au//lines/bulla-i-crm-crm-cls-chc-hcmb4s
Foodland Balaklava,2025-05-04 23:56:59,Bulla Creamy Classics Vanilla Choc Fudge Cones,N/A,N/A,$10.50,$2.02 per 100mL,https://foodlandbalaklava.com.au//lines/bulla-i-crm-crm-cls-van-fudg4s
Foodland Balaklava,2025-05-04 23:56:59,Bulla Creme Fraiche 4,200mL,N/A,$5.25,$2.62 per 100mL,https://foodlandbalaklava.com.au//lines/bulla-creme-fraiche-200ml
Foodland Balaklava,2025-05-04 23:56:59,Bulla Crm Sour Lght,400mL,N/A,$5.80,$1.45 per 100mL,https://foodlandbalaklava.com.au//lines/bulla-crm-sour-lite-400ml
Foodland Balaklava,2025-05-04 23:56:59,Bulla Crunch Double Choc 8pk,N/A,N/A,$9.45,$1.37 per 100mL,https://foodlandbalaklava.com.au//lines/bulla-i-crm-dbl-choc-crnch-8s
Foodland Balaklava,2025-05-04 23:56:59,Bulla Fruit N Yogurt Selection 8pk,N/A,N/A,$9.45,$2.00 per 100mL,https://foodlandbalaklava.com.au//lines/bulla-frzn-ygt-stk-selectn-8s
Foodland Balaklava,2025-05-04 23:56:59,Bulla Fudge Bars,N/A,N/A,$9.45,$1.58 per 100mL,https://foodlandbalaklava.com.au//lines/bulla-i-crm-bar-fudge-choc-8pk
Foodland Balaklava,2025-05-04 23:56:59,"Bulla Malt, Peppermint & Vanilla Choc Bars",N/A,N/A,$9.45,$1.54 per 100mL,https://foodlandbalaklava.com.au//lines/bulla-i-crm-bar-mnt-mlt-van8pk
Foodland Balaklava,2025-05-04 23:56:59,Bulla Murray St Creamery Caramel Swirl & Shortbread Peices,1L,N/A,$12.60,$1.26 per 100mL,https://foodlandbalaklava.com.au//lines/bulla-i-crm-m-st-crml-bisc-1l
Foodland Balaklava,2025-05-04 23:56:59,Bulla Neapolitan Ice Creams,N/A,N/A,$10.50,$2.02 per 100mL,https://foodlandbalaklava.com.au//lines/bulla-i-crm-crm-cls-neapol-4s
Foodland Balaklava,2025-05-04 23:56:59,Bulla Premium Creamy Classics Cookies And Cream 2,N/A,N/A,$11.55,$0.58 per 100mL,https://foodlandbalaklava.com.au//lines/bulla-i-crm-crm-cls-prm-ckie2l
Foodland Balaklava,2025-05-04 23:56:59,Bulla Premium Creamy Classics Vanilla 2,N/A,N/A,$11.55,$0.58 per 100mL,https://foodlandbalaklava.com.au//lines/bulla-i-crm-crm-cls-prm-van-2l
Foodland Balaklava,2025-05-04 23:56:59,Bulla Rainbow Ice Cream Cake,1.5L,N/A,$15.00,$1.00 per 100mL,https://foodlandbalaklava.com.au//lines/bulla-i-crm-cake-rainbow-1-5l
Foodland Balaklava,2025-05-04 23:56:59,Bulla Reese’​S Nutrageous Ice Cream,1L,was $10.50,$9.75,$0.98 per 100mL,https://foodlandbalaklava.com.au//lines/bulla-reeses-i-crm-nutragos-1l
Foodland Balaklava,2025-05-04 23:56:59,Bulla Salted Caramel & Chocolate Creamy Classics,N/A,N/A,$10.50,$2.02 per 100mL,https://foodlandbalaklava.com.au//lines/bulla-i-crm-crm-cls-chc-car-4s
Foodland Balaklava,2025-05-04 23:56:59,Bulla Splits Raspberry 10pk,N/A,N/A,$9.45,$1.26 per 100mL,https://foodlandbalaklava.com.au//lines/bulla-splits-raspberry-10s
Foodland Balaklava,2025-05-04 23:56:59,Bulla Strawberry Australian Style Yoghurt,160g,was $2.50,$1.25,$0.78 per 100g,https://foodlandbalaklava.com.au//lines/bulla-ygt-aus-styl-sbry-160gm
Foodland Balaklava,2025-05-04 23:56:59,Bulla Strawberry Frozen Yoghurt,1L,was $7.35,$5.75,$0.58 per 100mL,https://foodlandbalaklava.com.au//lines/bulla-frzn-ygt-strwbry-1l
Foodland Balaklava,2025-05-04 23:56:59,Bulla Triple Chocolate Cones,N/A,N/A,$10.50,$2.02 per 100mL,https://foodlandbalaklava.com.au//lines/bulla-i-crm-crm-cls-trpl-chc4s
Foodland Balaklava,2025-05-04 23:56:59,Bulla Vanilla Bean Murray St Ice Creamery,1L,N/A,$12.60,$1.26 per 100mL,https://foodlandbalaklava.com.au//lines/bulla-i-crm-m-st-van-bean-1l
Foodland Balaklava,2025-05-04 23:56:59,Bulla Vanilla Choc Bars X8,614mL,N/A,$9.45,$1.54 per 100mL,https://foodlandbalaklava.com.au//lines/bulla-i-crm-bar-choc-van-8pk
Foodland Balaklava,2025-05-04 23:56:59,Bulla Vanilla Ice Cream With Boysenberry,2L,was $11.55,$7.00,$0.35 per 100mL,https://foodlandbalaklava.com.au//lines/bulla-i-crm-crm-cls-boysbry-2l
Foodland Balaklava,2025-05-04 23:56:59,Bulla Ygt Greek Style,1kg,was $8.70,$7.00,$0.70 per 100g,https://foodlandbalaklava.com.au//lines/bulla-ygt-greek-style-1kg
Foodland Balaklava,2025-05-04 23:56:59,Bulldog Skincare For Men Original Moisturiser,100mL,N/A,$15.00,$15.00 per 100mL,https://foodlandbalaklava.com.au//lines/bulldog-mst-original-100ml
Foodland Balaklava,2025-05-04 23:56:59,Bum Burners,N/A,N/A,$3.50,N/A,https://foodlandbalaklava.com.au//lines/bum-burners-1
Foodland Balaklava,2025-05-04 23:56:59,Bundaberg Beef Pulled Bbq600gm,N/A,was $26.25,$23.50,$39.17 per kg,https://foodlandbalaklava.com.au//lines/bundaberg-beef-pulled-bbq600gm
Foodland Balaklava,2025-05-04 23:56:59,Bundaberg Beef Rib Finger600gm,N/A,was $22.05,$19.75,$32.92 per kg,https://foodlandbalaklava.com.au//lines/bundaberg-beef-rib-finger600gm
Foodland Balaklava,2025-05-04 23:56:59,Bundaberg Blood Orange Sparkling Drink Bottles,4 x 375mL,was $8.10,$6.90,$4.60 per L,https://foodlandbalaklava.com.au//lines/b-berg-blood-orange-4x375ml
Foodland Balaklava,2025-05-04 23:56:59,Bundaberg Burgundee Creaming Soda Bottles,4 x 375mL,was $8.10,$6.90,$4.60 per L,https://foodlandbalaklava.com.au//lines/b-berg-creaming-soda-4x375ml
Foodland Balaklava,2025-05-04 23:56:59,Bundaberg Ginger Beer Bottle,375mL,N/A,$3.85,$10.27 per L,https://foodlandbalaklava.com.au//lines/b-berg-brwd-drk-g-beer-375ml
Foodland Balaklava,2025-05-04 23:56:59,Bundaberg Ginger Beer Bottles,4 x 375mL,was $8.10,$6.90,$4.60 per L,https://foodlandbalaklava.com.au//lines/b-berg-brwd-drk-g-beer-4x375ml
Foodland Balaklava,2025-05-04 23:56:59,Bundaberg Ginger Beer Bottle,750mL,N/A,$4.05,$5.40 per L,https://foodlandbalaklava.com.au//lines/b-berg-ginger-beer-750ml
Foodland Balaklava,2025-05-04 23:56:59,Bundaberg Ginger Beer Diet,10 x 375mL,N/A,$18.45,$4.92 per L,https://foodlandbalaklava.com.au//lines/b-berg-g-beer-diet-10x375ml
Foodland Balaklava,2025-05-04 23:56:59,Bundaberg Golden Syrup,1kg,was $6.85,$6.20,$0.62 per 100g,https://foodlandbalaklava.com.au//lines/bundaberg-golden-syrup-1kg
Foodland Balaklava,2025-05-04 23:56:59,Bundaberg Guava Sparkling Drink,4 x 375mL,was $8.10,$6.90,$4.60 per L,https://foodlandbalaklava.com.au//lines/b-berg-guava-4x375ml
Foodland Balaklava,2025-05-04 23:56:59,Bundaberg Icing Mix Soft,1kg,was $3.35,$3.00,$0.30 per 100g,https://foodlandbalaklava.com.au//lines/bundaberg-icing-mix-soft-1kg-1
Foodland Balaklava,2025-05-04 23:56:59,Bundaberg Jam Blueberry,300g,N/A,$6.20,$2.07 per 100g,https://foodlandbalaklava.com.au//lines/b-berg-jam-blue-berry300gm
Foodland Balaklava,2025-05-04 23:56:59,Bundaberg Lemon Lime & Bitters Can 6 Pack,200mL,N/A,$8.50,$7.08 per L,https://foodlandbalaklava.com.au//lines/b-berg-lem-lime-bitters-6x200ml
Foodland Balaklava,2025-05-04 23:56:59,"Bundaberg Lemon, Lime & Bitters Bottles",4 x 375mL,was $8.10,$6.90,$4.60 per L,https://foodlandbalaklava.com.au//lines/b-berg-lem-lme-bitters-4x375ml
Foodland Balaklava,2025-05-04 23:56:59,Bundaberg Passionfruit Can 6 Pack,200mL,N/A,$8.50,$7.08 per L,https://foodlandbalaklava.com.au//lines/b-berg-passionfruit-6x200ml
Foodland Balaklava,2025-05-04 23:56:59,Bundaberg Passionfruit Sparkling Drink Bottles,4 x 375mL,was $8.10,$6.90,$4.60 per L,https://foodlandbalaklava.com.au//lines/b-berg-passionfruit-4x375ml
Foodland Balaklava,2025-05-04 23:56:59,Bundaberg Pineapple & Coconut Sparkling Drink Bottles,4 x 375mL,was $8.10,$6.90,$4.60 per L,https://foodlandbalaklava.com.au//lines/b-berg-pine-coconut-4x375ml
Foodland Balaklava,2025-05-04 23:56:59,Bundaberg Raw Sugar,1kg,was $2.95,$2.60,$0.26 per 100g,https://foodlandbalaklava.com.au//lines/bundaberg-raw-sugar-1kg
Foodland Balaklava,2025-05-04 23:56:59,Bundaberg Raw Sugar,2kg,was $4.85,$4.00,$0.20 per 100g,https://foodlandbalaklava.com.au//lines/bundaberg-raw-sugar-2kg
Foodland Balaklava,2025-05-04 23:56:59,Bundaberg Sarsaparilla,750mL,N/A,$4.05,$5.40 per L,https://foodlandbalaklava.com.au//lines/b-berg-sarsaparilla-750ml
Foodland Balaklava,2025-05-04 23:56:59,Bundaberg Traditional Lemonade Bottles,4 x 375mL,was $8.10,$6.90,$4.60 per L,https://foodlandbalaklava.com.au//lines/b-berg-lemonade-trad-4x375ml
Foodland Balaklava,2025-05-04 23:56:59,Bundaberg Tropical Mango Bottles,4 x 375mL,was $8.10,$6.90,$4.60 per L,https://foodlandbalaklava.com.au//lines/b-berg-tropical-mango-4x375ml
Foodland Balaklava,2025-05-04 23:56:59,Bundaberg White Sugar,1kg,was $2.65,$2.25,$0.22 per 100g,https://foodlandbalaklava.com.au//lines/bundaberg-white-sugar-1kg-1
Foodland Balaklava,2025-05-04 23:56:59,Burger Rings Big Burger Taste,90g,was $2.85,$2.35,$2.61 per 100g,https://foodlandbalaklava.com.au//lines/burger-rings-90gm
Foodland Balaklava,2025-05-04 23:57:00,"Burt's Bees 100% Natural Origin Moisturising Lip Balm, Watermelon With Beeswax, 1 Tube,",4.25g,was $7.35,$6.65,$16.62 per 10g,https://foodlandbalaklava.com.au//lines/burtsbees-l-balm-wtrmln-4-25gm
Foodland Balaklava,2025-05-04 23:57:00,Burts Bees 100% Natural Beeswax With Vitamin E & Peppermint Lip Balm,4.25g,was $7.35,$6.65,$16.62 per 10g,https://foodlandbalaklava.com.au//lines/burtsbees-l-balm-beewax-4-25gm
Foodland Balaklava,2025-05-04 23:57:00,Bush T/​Bag Rounds 200s,N/A,N/A,$7.90,$1.65 per 100g,https://foodlandbalaklava.com.au//lines/bush-t-bag-rounds-200s-1
Foodland Balaklava,2025-05-04 23:57:00,Bushells Australian Breakfast Tea Bags,N/A,N/A,$4.50,$2.25 per 100g,https://foodlandbalaklava.com.au//lines/bush-t-bag-aust-b-fast-100s-1
Foodland Balaklava,2025-05-04 23:57:00,Bushells Blue Label Black Leaf Tea Extra Strong,250g,N/A,$4.00,$1.60 per 100g,https://foodlandbalaklava.com.au//lines/bush-tea-leaf-ex-strong-250gm
Foodland Balaklava,2025-05-04 23:57:00,Bushells Blue Label Leaf Tea,250g,N/A,$3.90,$1.56 per 100g,https://foodlandbalaklava.com.au//lines/bush-leaf-tea-blue-label-250g
Foodland Balaklava,2025-05-04 23:57:00,Bushells Blue Label Tea Bags,N/A,N/A,$2.50,$2.78 per 100g,https://foodlandbalaklava.com.au//lines/bush-t-bag-blue-label-50s-1
Foodland Balaklava,2025-05-04 23:57:00,Bushells Coffee,100g,N/A,$7.05,$7.05 per 100g,https://foodlandbalaklava.com.au//lines/bush-coffee-pdr-100gm
Foodland Balaklava,2025-05-04 23:57:00,Bushells Decaffeinated Tea Bags,N/A,N/A,$9.45,$4.72 per 100g,https://foodlandbalaklava.com.au//lines/bush-t-bag-evening-decaf-100s-1
Foodland Balaklava,2025-05-04 23:57:00,Bushells Extra Strong Tea Bags,N/A,N/A,$5.30,$2.65 per 100g,https://foodlandbalaklava.com.au//lines/bush-t-bag-bl-labl-x-strng100s-1
Foodland Balaklava,2025-05-04 23:57:00,Bushell’​S Blue Label Tea Bags,N/A,N/A,$4.50,$2.50 per 100g,https://foodlandbalaklava.com.au//lines/bush-t-bag-blue-label-100s-1
Foodland Balaklava,2025-05-04 23:57:00,Butter Menthol Honey & Lemon Liquid Centre Sore Throat Lozenges + Vitamin C,10 x 50g,was $2.90,$2.60,$0.26 Each,https://foodlandbalaklava.com.au//lines/buttr-mnth-hn-l-lq-cen-10loz
Foodland Balaklava,2025-05-04 23:57:00,Butter Menthol Honey Centre Sore Throat Lozenges + Vitamin C 10 Pack,N/A,was $2.90,$2.60,$0.26 Each,https://foodlandbalaklava.com.au//lines/butter-menthol-honey-stk-10loz
Foodland Balaklava,2025-05-04 23:57:00,Butter Menthol Honey Centre Sore Throat Lozenges + Vitamin C 3x10 Pack,120g,was $6.85,$6.20,$5.17 per 100g,https://foodlandbalaklava.com.au//lines/butter-menthol-honey-m-p-3pk
Foodland Balaklava,2025-05-04 23:57:00,Butter Menthol Original Sore Throat Lozenges + Vitamin C 10 Pack,40g,was $2.90,$2.60,$6.50 per 100g,https://foodlandbalaklava.com.au//lines/butter-menthol-stk-40gm
Foodland Balaklava,2025-05-04 23:57:00,Buttercup Wholemeal Sandwich Large Slice,700g,N/A,$3.50,$0.50 per 100g,https://foodlandbalaklava.com.au//lines/b-cup-bread-wholemeal-700g
Foodland Balaklava,2025-05-04 23:57:00,Buzz Cockroach Traps 6pk,N/A,N/A,$6.60,N/A,https://foodlandbalaklava.com.au//lines/buzz-cockroach-traps-6pk
Foodland Balaklava,2025-05-04 23:57:00,Buzz Disposable Fly Trap,N/A,N/A,$10.50,N/A,https://foodlandbalaklava.com.au//lines/buzz-fly-disposable-trap
Foodland Balaklava,2025-05-04 23:57:00,Buzz Insect Indoor Pot Trap 6pk,N/A,N/A,$7.00,$1.17 Each,https://foodlandbalaklava.com.au//lines/buzz-insect-indoor-pot-trap-6pk
Foodland Balaklava,2025-05-04 23:57:00,Buzz N/​Time Insct Kill Glue Stk,N/A,N/A,$27.99,N/A,https://foodlandbalaklava.com.au//lines/buzz-plug-in-insct-kill-glue-stk
Foodland Balaklava,2025-05-04 23:57:00,C&​B Branston Pickles,310g,N/A,$6.50,$2.10 per 100g,https://foodlandbalaklava.com.au//lines/c-b-branston-pickles-310gm-1
Foodland Balaklava,2025-05-04 23:57:00,C/​Choice Chick Peas,400g,N/A,$2.29,$0.57 per 100g,https://foodlandbalaklava.com.au//lines/c-choice-chick-peas-400gm
Foodland Balaklava,2025-05-04 23:57:00,C/​Days D/​Washer Sheets Lmn 60pk,N/A,N/A,$18.00,$0.30 Each,https://foodlandbalaklava.com.au//lines/c-days-d-washer-sheets-lmn-60pk
Foodland Balaklava,2025-05-04 23:57:00,C/​Days W/​Mach Sheets F/​Free 60pk,N/A,N/A,$15.00,$0.25 Each,https://foodlandbalaklava.com.au//lines/c-days-w-mach-sheets-f-free-60pk
Foodland Balaklava,2025-05-04 23:57:00,C/​Days W/​Mach Sheets Lem/​Euc 60pk,N/A,N/A,$18.00,$0.30 Each,https://foodlandbalaklava.com.au//lines/c-days-w-mach-sheets-lem-euc-60pk
Foodland Balaklava,2025-05-04 23:57:00,C/​Fresh Corn Cuts,425g,N/A,$2.95,$0.69 per 100g,https://foodlandbalaklava.com.au//lines/c-fresh-corn-spears-425gm
Foodland Balaklava,2025-05-04 23:57:00,C/​Fresh Whole Champignon Mushrooms,425g,N/A,$2.95,$0.69 per 100g,https://foodlandbalaklava.com.au//lines/c-fresh-whole-champignon-425gm
Foodland Balaklava,2025-05-04 23:57:00,C/​India Curry Powder,100g,N/A,$4.20,$4.20 per 100g,https://foodlandbalaklava.com.au//lines/c-india-curry-powder-100gm
Foodland Balaklava,2025-05-04 23:57:00,C/​Shop Estr Choc Mud Cke,500g,N/A,$9.15,$1.83 per 100g,https://foodlandbalaklava.com.au//lines/c-shop-estr-choc-mud-cke-500gm
Foodland Balaklava,2025-05-04 23:57:00,Cabbage Baby Sugar Loaf,N/A,N/A,$5.00,N/A,https://foodlandbalaklava.com.au//lines/cabbage-baby-sugar-loaf
Foodland Balaklava,2025-05-04 23:57:00,Cabbage Red,N/A,N/A,$5.90,N/A,https://foodlandbalaklava.com.au//lines/cabbage-red
Foodland Balaklava,2025-05-04 23:57:00,Cabbage Whole,N/A,was $5.85,$4.50,N/A,https://foodlandbalaklava.com.au//lines/cabbage-whole
Foodland Balaklava,2025-05-04 23:57:00,Cacciatore,N/A,N/A,$29.99,N/A,https://foodlandbalaklava.com.au//lines/cacciatore-1
Foodland Balaklava,2025-05-04 23:57:00,Cad Choc Mc Caramilk,190g,was $8.00,$5.50,$2.89 per 100g,https://foodlandbalaklava.com.au//lines/cad-choc-mc-caramilk-190gm
Foodland Balaklava,2025-05-04 23:57:00,Cad Choc Mc Rocky Rd,190g,was $8.00,$5.50,$2.89 per 100g,https://foodlandbalaklava.com.au//lines/cad-choc-mc-rocky-rd-190gm
Foodland Balaklava,2025-05-04 23:57:00,Cad Choc O/​Gld Affogato,180g,was $8.00,$5.50,$3.06 per 100g,https://foodlandbalaklava.com.au//lines/cad-choc-o-gld-affogato-180g
Foodland Balaklava,2025-05-04 23:57:00,Cad Choc Stky Toff Slce,178g,was $8.00,$5.50,$3.09 per 100g,https://foodlandbalaklava.com.au//lines/cad-choc-stky-toff-slce-178g
Foodland Balaklava,2025-05-04 23:57:00,Cad Old Gold Roast Almond,180g,was $8.00,$5.50,$3.06 per 100g,https://foodlandbalaklava.com.au//lines/cad-choc-o-gld-rst-alm-180gm
Foodland Balaklava,2025-05-04 23:57:00,Cadbury Baking Chocolate Milk,180g,was $6.30,$6.00,$3.33 per 100g,https://foodlandbalaklava.com.au//lines/cad-baking-choc-milk-180gm
Foodland Balaklava,2025-05-04 23:57:00,Cadbury Big Chocolate Twirl,43g,was $2.65,$2.05,$4.77 per 100g,https://foodlandbalaklava.com.au//lines/cad-choc-twirl-big-43g
Foodland Balaklava,2025-05-04 23:57:00,Cadbury Boost Bar,50g,was $2.65,$2.05,$4.10 per 100g,https://foodlandbalaklava.com.au//lines/cad-choc-boost-bar-50gm
Foodland Balaklava,2025-05-04 23:57:00,Cadbury Breakaway Special Edition Choc Malt Shake Bar,44g,N/A,$2.65,$6.02 per 100g,https://foodlandbalaklava.com.au//lines/cad-choc-breakaway-malt-44g
Foodland Balaklava,2025-05-04 23:57:00,Cadbury Caramilk Breakaway Chocolate Block,180g,was $8.00,$5.50,$3.06 per 100g,https://foodlandbalaklava.com.au//lines/cad-choc-caramilk-brkaway180gm
Foodland Balaklava,2025-05-04 23:57:00,Cadbury Caramilk Caramel Slices Chocolate Block,167g,was $8.00,$5.50,$3.33 per 100g,https://foodlandbalaklava.com.au//lines/cad-caramilk-carml-slice-165gm
Foodland Balaklava,2025-05-04 23:57:00,Cadbury Caramilk Crunchie Bites,120g,was $7.35,$5.15,$4.29 per 100g,https://foodlandbalaklava.com.au//lines/cad-bites-crunchie-c-mlk-120gm
Foodland Balaklava,2025-05-04 23:57:00,Cadbury Cherry Ripe Bar,44g,was $2.65,$2.05,$4.66 per 100g,https://foodlandbalaklava.com.au//lines/cad-choc-cherry-ripe-44gm
Foodland Balaklava,2025-05-04 23:57:00,Cadbury Cherry Ripe Double Dipped,40g,was $2.65,$2.05,$5.12 per 100g,https://foodlandbalaklava.com.au//lines/cad-choc-cherry-ripe-d-dip40gm
Foodland Balaklava,2025-05-04 23:57:00,Cadbury Cherry Ripe Minis,150g,was $7.35,$5.15,$3.43 per 100g,https://foodlandbalaklava.com.au//lines/cad-cherry-ripe-mini-plw-150gm
Foodland Balaklava,2025-05-04 23:57:01,Cadbury Creamy Vanilla Choc Tops Ice Creams,N/A,was $13.15,$11.40,$4.13 per 100mL,https://foodlandbalaklava.com.au//lines/cad-m-p-i-crm-choc-tops-4s
Foodland Balaklava,2025-05-04 23:57:01,Cadbury Crunchie Twin Pack - Delisted,80g,N/A,$3.15,$3.94 per 100g,https://foodlandbalaklava.com.au//lines/cad-crunchie-bar-k-size-80gm
Foodland Balaklava,2025-05-04 23:57:01,Cadbury Crunchy Peanut Biscuit Clusters,120g,N/A,$6.30,$5.25 per 100g,https://foodlandbalaklava.com.au//lines/cad-bisc-pnut-clstr-120g
Foodland Balaklava,2025-05-04 23:57:01,Cadbury Curly Wurly Squirlies,130g,was $7.35,$5.15,$3.96 per 100g,https://foodlandbalaklava.com.au//lines/cad-curly-wurly-squirli-130gm
Foodland Balaklava,2025-05-04 23:57:01,Cadbury Dairy Milk Balls Milk Chocolate,135g,was $7.35,$5.15,$3.81 per 100g,https://foodlandbalaklava.com.au//lines/cad-choc-milk-balls-pure-135g
Foodland Balaklava,2025-05-04 23:57:01,Cadbury Dairy Milk Breakaway Chocolate Block,180g,was $8.00,$5.50,$3.06 per 100g,https://foodlandbalaklava.com.au//lines/cad-choc-breakaway-180gm
Foodland Balaklava,2025-05-04 23:57:01,Cadbury Dairy Milk Caramello Bar,46g,was $2.65,$2.05,$4.46 per 100g,https://foodlandbalaklava.com.au//lines/cad-choc-caramello-46gm
Foodland Balaklava,2025-05-04 23:57:01,Cadbury Dairy Milk Caramello Bites,142g,was $7.35,$5.15,$3.63 per 100g,https://foodlandbalaklava.com.au//lines/cad-choc-bites-caramello-142gm
Foodland Balaklava,2025-05-04 23:57:01,Cadbury Dairy Milk Caramello Koala,15g,was $0.90,$0.80,$5.33 per 100g,https://foodlandbalaklava.com.au//lines/cad-caramello-koala-15gm
Foodland Balaklava,2025-05-04 23:57:01,Cadbury Dairy Milk Caramello Koala Milk Chocolate,35g,was $2.10,$1.55,$4.43 per 100g,https://foodlandbalaklava.com.au//lines/cad-carml-koala-giant-35gm
Foodland Balaklava,2025-05-04 23:57:01,Cadbury Dairy Milk Chocolate Sharepack,144g,was $7.00,$6.20,$4.31 per 100g,https://foodlandbalaklava.com.au//lines/cad-choc-dairymlk-sh-pk-144gm
Foodland Balaklava,2025-05-04 23:57:01,Cadbury Dairy Milk Chocolate Top Deck Large Block,340g,N/A,$8.50,$2.50 per 100g,https://foodlandbalaklava.com.au//lines/cad-choc-top-deck-340gm
Foodland Balaklava,2025-05-04 23:57:01,Cadbury Dairy Milk Freddo,12g,was $0.90,$0.80,$6.67 per 100g,https://foodlandbalaklava.com.au//lines/cad-freddo-d-milk-12gm
Foodland Balaklava,2025-05-04 23:57:01,Cadbury Dairy Milk Freddo Milk Chocolate,35g,was $2.10,$1.55,$4.43 per 100g,https://foodlandbalaklava.com.au//lines/cad-freddo-giant-d-milk-35gm
Foodland Balaklava,2025-05-04 23:57:01,Cadbury Dairy Milk Freddo Strawberry Sharepack,180g,was $7.00,$6.20,$3.44 per 100g,https://foodlandbalaklava.com.au//lines/cad-freddo-sbry-shr-pk-180gm
Foodland Balaklava,2025-05-04 23:57:01,Cadbury Dairy Milk Fruit & Nut Milk Chocolate Block,180g,was $8.00,$5.50,$3.06 per 100g,https://foodlandbalaklava.com.au//lines/cad-choc-fruit-nut-180gm
Foodland Balaklava,2025-05-04 23:57:01,Cadbury Dairy Milk Furry Friends,100g,N/A,$4.50,$4.50 per 100g,https://foodlandbalaklava.com.au//lines/cad-choc-furry-friends-100gm
Foodland Balaklava,2025-05-04 23:57:01,Cadbury Dairy Milk Hazelnut Bites,130g,was $7.35,$5.15,$3.96 per 100g,https://foodlandbalaklava.com.au//lines/cad-choc-bites-hazelnut-130gm
Foodland Balaklava,2025-05-04 23:57:01,Cadbury Dairy Milk Marvellous Creations Bites,120g,was $7.35,$5.15,$4.29 per 100g,https://foodlandbalaklava.com.au//lines/cad-choc-bites-marv-creat120gm
Foodland Balaklava,2025-05-04 23:57:01,Cadbury Dairy Milk Marvellous Creations Cola Fizz,190g,was $8.00,$5.50,$2.89 per 100g,https://foodlandbalaklava.com.au//lines/cad-choc-mc-cola-fizz-190g
Foodland Balaklava,2025-05-04 23:57:01,Cadbury Dairy Milk Marvellous Creations Cola Fizz,50g,was $2.65,$2.05,$4.10 per 100g,https://foodlandbalaklava.com.au//lines/cad-choc-mc-cola-fizz-50g
Foodland Balaklava,2025-05-04 23:57:01,Cadbury Dairy Milk Marvellous Creations Sharepack,160g,was $7.00,$6.20,$3.88 per 100g,https://foodlandbalaklava.com.au//lines/cad-choc-mc-sh-pk-160g
Foodland Balaklava,2025-05-04 23:57:01,Cadbury Dairy Milk Peppermint Bites,142g,was $7.35,$5.15,$3.63 per 100g,https://foodlandbalaklava.com.au//lines/cad-choc-bites-peppermint-142gm
Foodland Balaklava,2025-05-04 23:57:01,Cadbury Dairy Milk Pink Lemonade Bar,46g,N/A,$2.65,$5.76 per 100g,https://foodlandbalaklava.com.au//lines/cad-choc-pink-lemonade-46g
Foodland Balaklava,2025-05-04 23:57:01,Cadbury Dairy Milk Slices Peanut Caramel Chocolate Block,170g,was $8.00,$5.50,$3.24 per 100g,https://foodlandbalaklava.com.au//lines/cad-choc-pnut-carml-slc-170g
Foodland Balaklava,2025-05-04 23:57:01,Cadbury Dairy Milk Slices Raspberry,50g,was $2.65,$2.05,$4.10 per 100g,https://foodlandbalaklava.com.au//lines/cad-choc-raspbry-slice-bar50gm
Foodland Balaklava,2025-05-04 23:57:01,Cadbury Dairy Milk Stawberry Bites,142g,was $7.35,$5.15,$3.63 per 100g,https://foodlandbalaklava.com.au//lines/cad-choc-bites-strawberry142gm
Foodland Balaklava,2025-05-04 23:57:01,Cadbury Dairy Milk Vanilla Pint,460mL,was $11.05,$8.75,$1.90 per 100mL,https://foodlandbalaklava.com.au//lines/cad-i-crm-d-milk-van-460ml
Foodland Balaklava,2025-05-04 23:57:01,Cadbury Dairy Milk Velvet Milk Chocolate,150g,N/A,$8.00,$5.33 per 100g,https://foodlandbalaklava.com.au//lines/cad-choc-velvet-milk-150g
Foodland Balaklava,2025-05-04 23:57:01,Cadbury Dairy Milk Velvet Salted Caramel,150g,was $8.00,$5.50,$3.67 per 100g,https://foodlandbalaklava.com.au//lines/cad-choc-velvet-slt-crml-150g
Foodland Balaklava,2025-05-04 23:57:01,Cadbury Dairy Milk With Pascall Clinkers Chocolate Block,170g,was $8.00,$5.50,$3.24 per 100g,https://foodlandbalaklava.com.au//lines/cad-choc-pas-clinkers-170gm
Foodland Balaklava,2025-05-04 23:57:01,Cadbury Favourite Marvellous Creations Edition,336g,was $16.00,$8.00,$2.38 per 100g,https://foodlandbalaklava.com.au//lines/cad-choc-fav-marv-creat-336g
Foodland Balaklava,2025-05-04 23:57:01,Cadbury Favourites Party Edition,570g,was $24.13,$20.90,$3.67 per 100g,https://foodlandbalaklava.com.au//lines/cad-choc-fav-party-pk-570gm
Foodland Balaklava,2025-05-04 23:57:01,Cadbury Fingers Milk Chocolate,114g,N/A,$5.80,$5.09 per 100g,https://foodlandbalaklava.com.au//lines/cad-fingers-mlk-choc-114gm
Foodland Balaklava,2025-05-04 23:57:01,Cadbury Freddo Biscuits,167g,N/A,$5.80,$3.47 per 100g,https://foodlandbalaklava.com.au//lines/cad-bisc-freddo-choc-167gm
Foodland Balaklava,2025-05-04 23:57:01,Cadbury Old Gold Baileys Dark Chocolate Block,180g,was $8.00,$5.50,$3.06 per 100g,https://foodlandbalaklava.com.au//lines/cad-choc-o-gld-baileys-180gm
Foodland Balaklava,2025-05-04 23:57:01,Cadbury Old Gold Dark Chocolate Cherry Ripe,180g,was $8.00,$5.50,$3.06 per 100g,https://foodlandbalaklava.com.au//lines/cad-choc-o-gld-chry-ripe-180gm
Foodland Balaklava,2025-05-04 23:57:01,Cadbury Old Gold Dark Chocolate Old Jamaica Rum N Raisin Large Block,315g,N/A,$8.50,$2.70 per 100g,https://foodlandbalaklava.com.au//lines/cad-choc-o-gld-rum-raisin315gm
Foodland Balaklava,2025-05-04 23:57:01,Cadbury Old Gold Peanut Biscuit Clusters,120g,N/A,$6.30,$5.25 per 100g,https://foodlandbalaklava.com.au//lines/cad-bisc-pnut-clstr-o-gld120gm
Foodland Balaklava,2025-05-04 23:57:01,Cadbury Pascall Eclairs,160g,was $5.25,$4.65,$2.91 per 100g,https://foodlandbalaklava.com.au//lines/cad-choc-eclairs-160gm-1
Foodland Balaklava,2025-05-04 23:57:01,Cadbury Picnic Choc Cookie Bar,46g,was $2.65,$2.05,$4.46 per 100g,https://foodlandbalaklava.com.au//lines/cad-choc-picnic-ckie-46g
Foodland Balaklava,2025-05-04 23:57:01,Cadbury Roses,420g,was $21.00,$10.00,$2.38 per 100g,https://foodlandbalaklava.com.au//lines/cad-choc-roses-box-2024-420g
Foodland Balaklava,2025-05-04 23:57:01,Cadbury Roses Gift Pouch,150g,was $10.50,$9.65,$6.43 per 100g,https://foodlandbalaklava.com.au//lines/cad-choc-roses-gft-bag-150gm
Foodland Balaklava,2025-05-04 23:57:01,Cadbury Slices Raspberry Milk Chocolate Block,178g,was $8.00,$5.50,$3.09 per 100g,https://foodlandbalaklava.com.au//lines/cad-choc-raspbry-slce-178g
Foodland Balaklava,2025-05-04 23:57:01,Cadbury Twirl Bites,140g,was $7.35,$5.15,$3.68 per 100g,https://foodlandbalaklava.com.au//lines/cad-choc-bites-twirl-plw-140gm
Foodland Balaklava,2025-05-04 23:57:01,Cadbury Twirl Bites Caramilk,130g,was $7.35,$5.15,$3.96 per 100g,https://foodlandbalaklava.com.au//lines/cad-choc-bites-twl-c-mlk-130gm
Foodland Balaklava,2025-05-04 23:57:01,Cadbury Twirl Breakaway Cookie Dough,32g,was $2.65,$2.05,$5.12 per 100g,https://foodlandbalaklava.com.au//lines/cad-choc-twirl-b-aw-c-dgh-32g
Foodland Balaklava,2025-05-04 23:57:01,Cadbury Twirl Sharepack,168g,was $7.00,$6.20,$3.69 per 100g,https://foodlandbalaklava.com.au//lines/cad-choc-twirl-shr-pk-168gm
Foodland Balaklava,2025-05-04 23:57:02,Cake Deco Choc Sprinkles,78g,was $2.60,$2.05,$2.63 per 100g,https://foodlandbalaklava.com.au//lines/cdec-sprinkles-choc-shaker-78g
Foodland Balaklava,2025-05-04 23:57:02,Calbee Hooleys Waves Salt & Vinegar Flavour,95g,N/A,$4.20,$4.42 per 100g,https://foodlandbalaklava.com.au//lines/hooleys-waves-slt-vin-95g
Foodland Balaklava,2025-05-04 23:57:02,Caldermeade Goats Milk,1L,N/A,$6.50,$6.50 per L,https://foodlandbalaklava.com.au//lines/caldermeade-goats-milk-1l
Foodland Balaklava,2025-05-04 23:57:02,Calippo Streets Mini Ice Block Lemon Orange Lime Mp10,575mL,N/A,$9.45,$1.64 per 100mL,https://foodlandbalaklava.com.au//lines/str-min-calippo-lmn-org-lme10s
Foodland Balaklava,2025-05-04 23:57:02,Camelion Battery S/​H/​Dty Aa Bp4,N/A,N/A,$2.00,N/A,https://foodlandbalaklava.com.au//lines/batt-camln-s-h-dty-aa-bp4
Foodland Balaklava,2025-05-04 23:57:02,Camelion Battery S/​H/​Dty C Bp2,N/A,N/A,$2.00,N/A,https://foodlandbalaklava.com.au//lines/batt-camln-s-h-dty-c-bp2
Foodland Balaklava,2025-05-04 23:57:02,Camelion Battery S/​H/​Dty D Bp2,N/A,N/A,$2.80,N/A,https://foodlandbalaklava.com.au//lines/batt-camln-s-h-dty-d-bp2
Foodland Balaklava,2025-05-04 23:57:02,Camelion Super Heavy Duty Aaa 10pk,N/A,N/A,$4.00,N/A,https://foodlandbalaklava.com.au//lines/camelion-hd-aaa-batteries10pk
Foodland Balaklava,2025-05-04 23:57:02,Campbell's Chunky Creamy Veg Soup,505g,was $4.75,$3.50,$0.69 per 100g,https://foodlandbalaklava.com.au//lines/camp-soup-chnky-crmy-veg-505g
Foodland Balaklava,2025-05-04 23:57:02,Campbell's Condensed Soup Cream Of Asparagus,420g,N/A,$1.95,$0.46 per 100g,https://foodlandbalaklava.com.au//lines/camp-soup-crm-asparagus-420gm
Foodland Balaklava,2025-05-04 23:57:02,Campbell's Condensed Soup Cream Of Celery,410g,N/A,$1.95,$0.48 per 100g,https://foodlandbalaklava.com.au//lines/camp-soup-crm-celery-410gm
Foodland Balaklava,2025-05-04 23:57:02,Campbell's Condensed Soup Cream Of Chicken & Corn,420g,N/A,$1.95,$0.46 per 100g,https://foodlandbalaklava.com.au//lines/camp-soup-crm-chic-corn-420gm
Foodland Balaklava,2025-05-04 23:57:02,Campbell's Condensed Soup Rich Tomato,430g,N/A,$1.95,$0.45 per 100g,https://foodlandbalaklava.com.au//lines/camp-soup-condnsd-rich-tom430g
Foodland Balaklava,2025-05-04 23:57:02,Campbell's Country Ladle Soup Butternut Pumpkin,505g,was $4.75,$3.50,$0.69 per 100g,https://foodlandbalaklava.com.au//lines/camp-soup-c-ldl-pumpkin-505gm
Foodland Balaklava,2025-05-04 23:57:02,Campbell's Country Ladle Soup Chicken And Sweet Corn,505g,was $4.75,$3.50,$0.69 per 100g,https://foodlandbalaklava.com.au//lines/camp-soup-c-ldl-chck-crn-505gm
Foodland Balaklava,2025-05-04 23:57:02,Campbell's Country Ladle Soup Chicken Noodle,500g,was $4.75,$3.50,$0.70 per 100g,https://foodlandbalaklava.com.au//lines/camp-soup-c-ldl-chk-ndle-500gm
Foodland Balaklava,2025-05-04 23:57:02,Campbell's Country Ladle Soup Creamy Chicken,500g,was $4.75,$3.50,$0.70 per 100g,https://foodlandbalaklava.com.au//lines/camp-soup-c-ldl-crmy-chkn500gm
Foodland Balaklava,2025-05-04 23:57:02,Campbell's Country Ladle Soup Farmhouse Vegetable,495g,was $4.75,$3.50,$0.71 per 100g,https://foodlandbalaklava.com.au//lines/camp-soup-c-ldl-f-hse-veg495gm
Foodland Balaklava,2025-05-04 23:57:02,Campbell's Country Ladle Soup Minestrone,495g,was $4.75,$3.50,$0.71 per 100g,https://foodlandbalaklava.com.au//lines/camp-soup-c-ldl-minestron495gm
Foodland Balaklava,2025-05-04 23:57:02,Campbell's Country Ladle Soup Pea & Ham,500g,was $4.75,$3.50,$0.70 per 100g,https://foodlandbalaklava.com.au//lines/camp-soup-c-ldl-pea-ham-500gm
Foodland Balaklava,2025-05-04 23:57:02,Campbell's Country Ladle Soup Potato And Leek,505g,was $4.75,$3.50,$0.69 per 100g,https://foodlandbalaklava.com.au//lines/camp-soup-c-ldl-pot-leek-505gm
Foodland Balaklava,2025-05-04 23:57:02,Campbell's Country Ladle Soup Rich & Creamy Pumpkin,500g,was $4.75,$3.50,$0.70 per 100g,https://foodlandbalaklava.com.au//lines/camp-soup-c-ldl-crmy-pmkn500gm
Foodland Balaklava,2025-05-04 23:57:02,Campbell's Real Stock Chicken Stock,250mL,N/A,$1.80,$0.72 per 100mL,https://foodlandbalaklava.com.au//lines/camp-real-stock-chicken-250ml
Foodland Balaklava,2025-05-04 23:57:02,Campbell's Real Stock Fish Stock,500mL,was $2.90,$2.60,$0.52 per 100mL,https://foodlandbalaklava.com.au//lines/camp-real-stock-fish-500ml
Foodland Balaklava,2025-05-04 23:57:02,Campbell's Real Stock Salt Reduced Beef Stock,1L,N/A,$4.50,$0.45 per 100mL,https://foodlandbalaklava.com.au//lines/camp-real-stock-beef-s-r-1l
Foodland Balaklava,2025-05-04 23:57:02,Campbell's Soup Chunky Beef & Veg,505g,was $4.75,$3.50,$0.69 per 100g,https://foodlandbalaklava.com.au//lines/camp-soup-chnky-beef-505gm
Foodland Balaklava,2025-05-04 23:57:02,Campbell's Soup Chunky Chilli Beef,505g,was $4.75,$3.50,$0.69 per 100g,https://foodlandbalaklava.com.au//lines/camp-soup-chnky-chili-bf-505gm
Foodland Balaklava,2025-05-04 23:57:02,Campbell's Soup Chunky Irish Stew Style,505g,was $4.75,$3.50,$0.69 per 100g,https://foodlandbalaklava.com.au//lines/camp-soup-chnky-irish-stew505g
Foodland Balaklava,2025-05-04 23:57:02,Campbell's Soup Chunky Potato & Bacon,505g,was $4.75,$3.50,$0.70 per 100g,https://foodlandbalaklava.com.au//lines/camp-soup-chnky-pot-bacn-500gm
Foodland Balaklava,2025-05-04 23:57:02,Campbell's Soup Chunky Roast Chicken & Vegetable,505g,was $4.75,$3.50,$0.69 per 100g,https://foodlandbalaklava.com.au//lines/camp-soup-chnky-chic-veg-505gm
Foodland Balaklava,2025-05-04 23:57:02,Campbell's Soup Chunky Stock Pot,505g,was $4.75,$3.50,$0.69 per 100g,https://foodlandbalaklava.com.au//lines/camp-soup-chnky-stockpot-505gm
Foodland Balaklava,2025-05-04 23:57:02,Cancer Council Everyday Value Sunscreen Spf50,110mL,N/A,$13.15,$11.95 per 100mL,https://foodlandbalaklava.com.au//lines/can-council-s-s-eday-50-110ml
Foodland Balaklava,2025-05-04 23:57:02,Cancer Council Everyday Value Sunscreen Spf50,1L,N/A,$36.75,$3.68 per 100mL,https://foodlandbalaklava.com.au//lines/can-council-s-s-eday-spf50-1l
Foodland Balaklava,2025-05-04 23:57:02,Cancer Council Face Day Wear Moisturiser Face & Body Matte Finish Spf50+,75mL,N/A,$16.80,$22.40 per 100mL,https://foodlandbalaklava.com.au//lines/can-council-s-s-mst-inv50-75ml
Foodland Balaklava,2025-05-04 23:57:02,Cancer Council Face Day Wear Moisturiser In Medium Tint Spf50+,75mL,N/A,$16.80,$22.40 per 100mL,https://foodlandbalaklava.com.au//lines/can-council-s-s-mst-dy-med75ml
Foodland Balaklava,2025-05-04 23:57:02,Cancer Council Kids Sunscreen Roll-On Spf50+,75mL,N/A,$11.55,$15.40 per 100mL,https://foodlandbalaklava.com.au//lines/can-council-s-s-r-on-50-75ml
Foodland Balaklava,2025-05-04 23:57:02,Cancer Council Kids Sunscreen Spf50+,110mL,N/A,$14.70,$13.36 per 100mL,https://foodlandbalaklava.com.au//lines/can-council-s-s-kids50-110ml
Foodland Balaklava,2025-05-04 23:57:02,Cancer Council Kids Sunscreen Spf50+,200mL,N/A,$18.90,$9.45 per 100mL,https://foodlandbalaklava.com.au//lines/can-council-s-s-p-pig50-200ml
Foodland Balaklava,2025-05-04 23:57:02,Cancer Council Repel Sunscreen Spf50+,110mL,N/A,$17.35,$15.77 per 100mL,https://foodlandbalaklava.com.au//lines/can-councils-s-repel-50-110ml
Foodland Balaklava,2025-05-04 23:57:02,Cancer Council Sensitive Sunscreen Spf50+,200mL,N/A,$18.90,$9.45 per 100mL,https://foodlandbalaklava.com.au//lines/can-council-s-s-sens-50-200ml
Foodland Balaklava,2025-05-04 23:57:02,Cancer Council Sport Dry Touch & Sweat Resistant Lotion Spf50+,110mL,N/A,$14.70,$13.36 per 100mL,https://foodlandbalaklava.com.au//lines/can-council-s-s-dry-50-110ml
Foodland Balaklava,2025-05-04 23:57:02,Cancer Council Sport Dry Touch & Sweat Resistant Lotion Spf50+,50mL,N/A,$10.50,$21.00 per 100mL,https://foodlandbalaklava.com.au//lines/can-council-s-s-drytch-50-50ml
Foodland Balaklava,2025-05-04 23:57:02,Cancer Council Ultra Sunscreen Roll-On Spf 50+,75mL,N/A,$11.55,$15.40 per 100mL,https://foodlandbalaklava.com.au//lines/can-council-r-on-ultra50-75ml
Foodland Balaklava,2025-05-04 23:57:02,Cancer Council Ultra Sunscreen Spf50+,110mL,N/A,$32.05,$6.41 per 100mL,https://foodlandbalaklava.com.au//lines/can-council-ult-pmp-50-500ml
Foodland Balaklava,2025-05-04 23:57:02,Candle Tin Inspiration Lemongrass,160g,N/A,$15.99,N/A,https://foodlandbalaklava.com.au//lines/candle-tin-inspiration-lemongrass-160gm
Foodland Balaklava,2025-05-04 23:57:02,Candle Tin Regional K/​Isl,160g,N/A,$15.99,N/A,https://foodlandbalaklava.com.au//lines/candle-tin-regional-k-isl-160gm
Foodland Balaklava,2025-05-04 23:57:02,Candles Inspiration Message,N/A,N/A,$7.00,N/A,https://foodlandbalaklava.com.au//lines/candles-inspiration-message
Foodland Balaklava,2025-05-04 23:57:02,Canesten Antibacterial And Antifungal Hygiene Laundry Rinse Sanitiser Lemon Scented,1L,was $15.75,$12.50,$12.50 per L,https://foodlandbalaklava.com.au//lines/canesten-hygiene-rnse-lmn-1l
Foodland Balaklava,2025-05-04 23:57:03,Canon BBQ Chicken Poppers,550g,was $10.50,$9.00,$16.36 per kg,https://foodlandbalaklava.com.au//lines/canon-chic-poppers-bbq-550g
Foodland Balaklava,2025-05-04 23:57:03,Canon Foods Chicken Cheezos,550g,was $10.50,$9.00,$16.36 per kg,https://foodlandbalaklava.com.au//lines/canon-chic-cheezos-550g
Foodland Balaklava,2025-05-04 23:57:03,Canon Foods Nacho Cheese Chicken Wedges,550g,was $10.50,$9.00,$16.36 per kg,https://foodlandbalaklava.com.au//lines/canon-chic-wedge-nacho-550g
Foodland Balaklava,2025-05-04 23:57:03,Canon Sweet Chilli Chicken Fries,550g,was $10.50,$9.00,$16.36 per kg,https://foodlandbalaklava.com.au//lines/canon-chic-fries-swt-chl-550g
Foodland Balaklava,2025-05-04 23:57:03,Capi Soda Tonic Single,750mL,N/A,$4.75,$6.33 per L,https://foodlandbalaklava.com.au//lines/capi-classic-tonic-750ml
Foodland Balaklava,2025-05-04 23:57:03,Capilano Honey Chilli,340g,N/A,$7.90,$2.32 per 100g,https://foodlandbalaklava.com.au//lines/capilano-honey-chilli-sqz340gm
Foodland Balaklava,2025-05-04 23:57:03,Capilano Honey Ylwbox,340g,was $6.95,$6.00,$1.76 per 100g,https://foodlandbalaklava.com.au//lines/capilano-honey-ylwbox-340gm
Foodland Balaklava,2025-05-04 23:57:03,Capilano Manuka Active Honey Mgo30+,340g,was $10.00,$9.25,$2.72 per 100g,https://foodlandbalaklava.com.au//lines/capilano-honey-manuka-30-340gm
Foodland Balaklava,2025-05-04 23:57:03,Capilano Natural Australian Honey Jar,500g,N/A,$9.05,$1.81 per 100g,https://foodlandbalaklava.com.au//lines/capilano-honey-clear-500gm
Foodland Balaklava,2025-05-04 23:57:03,Capilano Pure & Natural Manuka Honey,340g,N/A,$8.95,$2.63 per 100g,https://foodlandbalaklava.com.au//lines/capilano-honey-manuka-ud-340gm
Foodland Balaklava,2025-05-04 23:57:03,Capilano Pure Australian Honey,1kg,N/A,$15.75,$1.58 per 100g,https://foodlandbalaklava.com.au//lines/capilano-honey-clear-pail-1kg
Foodland Balaklava,2025-05-04 23:57:03,Capilano Pure Australian Honey T&​S,220g,N/A,$4.95,$2.25 per 100g,https://foodlandbalaklava.com.au//lines/capilano-honey-twst-sqz-220gm
Foodland Balaklava,2025-05-04 23:57:03,Caps Shot Rings 144pk,N/A,N/A,$2.10,N/A,https://foodlandbalaklava.com.au//lines/caps-shot-ring-144
Foodland Balaklava,2025-05-04 23:57:03,Captain's Table Water Crackers Cracked Black Pepper,125g,N/A,$2.30,$1.84 per 100g,https://foodlandbalaklava.com.au//lines/nab-capt-table-crk-pepper125gm
Foodland Balaklava,2025-05-04 23:57:03,Captain's Table Water Crackers Rosemary & Thyme,125g,N/A,$2.30,$1.84 per 100g,https://foodlandbalaklava.com.au//lines/nab-capt-table-rmry-tyme-125gm
Foodland Balaklava,2025-05-04 23:57:03,Caramel & White Choc Cookie 6pk,N/A,N/A,$3.99,$0.66 Each,https://foodlandbalaklava.com.au//lines/caramel-white-choc-cookie-6pk-1
Foodland Balaklava,2025-05-04 23:57:03,Caravan World,N/A,N/A,$12.50,N/A,https://foodlandbalaklava.com.au//lines/caravan-world
Foodland Balaklava,2025-05-04 23:57:03,Card - Sister Bday $​7.​99,N/A,N/A,$7.99,N/A,https://foodlandbalaklava.com.au//lines/card-sister-bday-7-99
Foodland Balaklava,2025-05-04 23:57:03,Card - Wife Bday $​7.​99,N/A,N/A,$7.99,N/A,https://foodlandbalaklava.com.au//lines/card-wife-bday-7-99
Foodland Balaklava,2025-05-04 23:57:03,Card 18 Female Humour,N/A,N/A,$4.99,N/A,https://foodlandbalaklava.com.au//lines/card-18th-f-humour-4-99
Foodland Balaklava,2025-05-04 23:57:03,Card 18 Male Cont,N/A,N/A,$4.99,N/A,https://foodlandbalaklava.com.au//lines/card-18th-birthday-m-4-99
Foodland Balaklava,2025-05-04 23:57:03,Card 18th Male Humorous $​4.​99,N/A,N/A,$4.99,N/A,https://foodlandbalaklava.com.au//lines/card-18th-male-humorous-4-99
Foodland Balaklava,2025-05-04 23:57:03,Card 21 Bday Typographic $​5.​99,N/A,N/A,$5.99,N/A,https://foodlandbalaklava.com.au//lines/card-21-bday-typographic-5-99
Foodland Balaklava,2025-05-04 23:57:03,Card 21st Bday Fem $​5.​99,N/A,N/A,$5.99,N/A,https://foodlandbalaklava.com.au//lines/card-21st-bday-fem-5-99
Foodland Balaklava,2025-05-04 23:57:03,Card 21st Bday Male Stars$​4.​99,N/A,N/A,$4.99,N/A,https://foodlandbalaklava.com.au//lines/card-21st-bday-male-stars-4-99
Foodland Balaklava,2025-05-04 23:57:03,Card 30th Birthday -Male $​4.​99,N/A,N/A,$4.99,N/A,https://foodlandbalaklava.com.au//lines/card-30th-birthday-male-4-99
Foodland Balaklava,2025-05-04 23:57:03,Card 30th Female Bday $​4.​99,N/A,N/A,$4.99,N/A,https://foodlandbalaklava.com.au//lines/card-30th-female-bday-4-99
Foodland Balaklava,2025-05-04 23:57:03,Card 40th Birthday - Male$​4.​99,N/A,N/A,$4.99,N/A,https://foodlandbalaklava.com.au//lines/card-40th-birthday-male-4-99
Foodland Balaklava,2025-05-04 23:57:03,Card 60 Bday Femflowrs $​5.​99,N/A,N/A,$5.99,N/A,https://foodlandbalaklava.com.au//lines/card-60-bday-femflowrs-5-99
Foodland Balaklava,2025-05-04 23:57:03,Card 60th Male Humorous $​4.​99,N/A,N/A,$4.99,N/A,https://foodlandbalaklava.com.au//lines/card-60th-male-humorous-4-99
Foodland Balaklava,2025-05-04 23:57:03,Card 70 Male Trad,N/A,N/A,$4.99,N/A,https://foodlandbalaklava.com.au//lines/card-bday-70-male-4-99
Foodland Balaklava,2025-05-04 23:57:03,Card 70th Bday - Female $​5.​99,N/A,N/A,$5.99,N/A,https://foodlandbalaklava.com.au//lines/card-70th-bday-female-5-99
Foodland Balaklava,2025-05-04 23:57:03,Card 70th Female Flowers $​4.​99,N/A,N/A,$4.99,N/A,https://foodlandbalaklava.com.au//lines/card-70th-female-flowers-4-99
Foodland Balaklava,2025-05-04 23:57:03,Card 80th Male Tradl $​8.​99,N/A,N/A,$5.99,N/A,https://foodlandbalaklava.com.au//lines/card-80th-male-tradl-8-99
Foodland Balaklava,2025-05-04 23:57:03,Card Age 1 Boy $​4.​99,N/A,N/A,$4.99,N/A,https://foodlandbalaklava.com.au//lines/card-age-1-boy-4-99
Foodland Balaklava,2025-05-04 23:57:03,Card Age 1 Girl $​3.​99,N/A,N/A,$3.99,N/A,https://foodlandbalaklava.com.au//lines/card-age-1-girl-3-99
Foodland Balaklava,2025-05-04 23:57:03,Card Age 2 Boy Animals $​3.​99,N/A,N/A,$3.99,N/A,https://foodlandbalaklava.com.au//lines/card-age-2-boy-animals-3-99
Foodland Balaklava,2025-05-04 23:57:03,Card Age 3 Boy $​3.​99,N/A,N/A,$3.99,N/A,https://foodlandbalaklava.com.au//lines/card-age-3-boy-3-99
Foodland Balaklava,2025-05-04 23:57:03,Card Anniv Your Piz Cont $​5.​99,N/A,N/A,$5.99,N/A,https://foodlandbalaklava.com.au//lines/card-anniv-your-piz-cont-5-99
Foodland Balaklava,2025-05-04 23:57:03,Card Annivers Our Cont A,N/A,N/A,$4.99,N/A,https://foodlandbalaklava.com.au//lines/card-our-anniversary-4-99
Foodland Balaklava,2025-05-04 23:57:03,Card Anniversary $​4.​99-,N/A,N/A,$5.99,N/A,https://foodlandbalaklava.com.au//lines/card-anniversary-4-99
Foodland Balaklava,2025-05-04 23:57:03,Card Baby Boy Congrat Str$​4.​99,N/A,N/A,$4.99,N/A,https://foodlandbalaklava.com.au//lines/card-baby-boy-congrat-str-4-99
Foodland Balaklava,2025-05-04 23:57:03,Card Baby Boy Teddy $​7.​99,N/A,N/A,$7.99,N/A,https://foodlandbalaklava.com.au//lines/card-baby-boy-teddy-7-99
Foodland Balaklava,2025-05-04 23:57:03,Card Baby Shower $​4.​99,N/A,N/A,$4.99,N/A,https://foodlandbalaklava.com.au//lines/card-baby-shower-4-99
Foodland Balaklava,2025-05-04 23:57:03,Card Baby Shower Bby Owl $​4.​99,N/A,N/A,$4.99,N/A,https://foodlandbalaklava.com.au//lines/card-baby-shower-bby-owl-4-99
Foodland Balaklava,2025-05-04 23:57:03,Card Bby Grl Congrats $​4.​99,N/A,N/A,$4.99,N/A,https://foodlandbalaklava.com.au//lines/card-bby-grl-congrats-4-99
Foodland Balaklava,2025-05-04 23:57:03,Card Bday Age 18 Female $​4.​99,N/A,N/A,$4.99,N/A,https://foodlandbalaklava.com.au//lines/card-bday-age-18-female-4-99
Foodland Balaklava,2025-05-04 23:57:03,Card Bday Age 4 Boy $​3.​99,N/A,N/A,$3.99,N/A,https://foodlandbalaklava.com.au//lines/card-bday-age-4-boy-3-99
Foodland Balaklava,2025-05-04 23:57:04,Card Bday Age 4 Girl $​3.​99,N/A,N/A,$3.99,N/A,https://foodlandbalaklava.com.au//lines/card-bday-age-4-girl-3-99
Foodland Balaklava,2025-05-04 23:57:04,Card Bday Circle/​Squares $​4.​99,N/A,N/A,$4.99,N/A,https://foodlandbalaklava.com.au//lines/card-bday-circle-squares-4-99
Foodland Balaklava,2025-05-04 23:57:04,Card Bday Colorful Owl $​4.​99,N/A,N/A,$4.99,N/A,https://foodlandbalaklava.com.au//lines/card-daughter-cute-a
Foodland Balaklava,2025-05-04 23:57:04,Card Bday Comic $​4.​99,N/A,N/A,$4.99,N/A,https://foodlandbalaklava.com.au//lines/card-bday-comic-4-99
Foodland Balaklava,2025-05-04 23:57:04,Card Bday Cucumber $​6.​99,N/A,N/A,$6.99,N/A,https://foodlandbalaklava.com.au//lines/card-bday-cucumber-6-99
Foodland Balaklava,2025-05-04 23:57:04,Card Bday Dad Gold Medal $​7.​99,N/A,N/A,$7.99,N/A,https://foodlandbalaklava.com.au//lines/card-bday-dad-gold-medal-7-99
Foodland Balaklava,2025-05-04 23:57:04,Card Bday Female $​4.​99,N/A,N/A,$4.99,N/A,https://foodlandbalaklava.com.au//lines/card-bday-female-4-99
Foodland Balaklava,2025-05-04 23:57:04,Card Bday Female $​5.​99,N/A,N/A,$5.99,N/A,https://foodlandbalaklava.com.au//lines/card-bday-female-5-99
Foodland Balaklava,2025-05-04 23:57:04,Card Bday Female Presnt $​5.​99,N/A,N/A,$6.04,N/A,https://foodlandbalaklava.com.au//lines/card-bday-female-presnt-5-99
Foodland Balaklava,2025-05-04 23:57:04,Card Bday Juv Girl $​4.​95,N/A,N/A,$4.95,N/A,https://foodlandbalaklava.com.au//lines/card-bday-juv-girl-4-95
Foodland Balaklava,2025-05-04 23:57:04,Card Bday Male $​4.​99,N/A,N/A,$4.99,N/A,https://foodlandbalaklava.com.au//lines/card-bday-male-4-99
Foodland Balaklava,2025-05-04 23:57:04,Card Bday Male Bday Cake $​5.​99,N/A,N/A,$5.99,N/A,https://foodlandbalaklava.com.au//lines/card-bday-male-bday-cake-5-99
Foodland Balaklava,2025-05-04 23:57:04,Card Bday Mrbled Bkgrnd $​7.​99,N/A,N/A,$8.39,N/A,https://foodlandbalaklava.com.au//lines/card-bday-mrbled-bkgrnd-7-99
Foodland Balaklava,2025-05-04 23:57:04,Card Bday Mum In Touch $​7.​99,N/A,N/A,$7.99,N/A,https://foodlandbalaklava.com.au//lines/card-bday-mum-in-touch-7-99
Foodland Balaklava,2025-05-04 23:57:04,Card Bday Pink Buterfly $​7.​99,N/A,N/A,$8.39,N/A,https://foodlandbalaklava.com.au//lines/card-bday-pink-buterfly-7-99
Foodland Balaklava,2025-05-04 23:57:04,Card Bday Sister $​4.​99,N/A,N/A,$5.02,N/A,https://foodlandbalaklava.com.au//lines/card-bday-sister-4-99
Foodland Balaklava,2025-05-04 23:57:04,Card Bday Son Humorous $​4.​99,N/A,N/A,$4.99,N/A,https://foodlandbalaklava.com.au//lines/card-bday-son-humorous-4-99
Foodland Balaklava,2025-05-04 23:57:04,Card Bday Still Tinkerng $​5.​99,N/A,N/A,$5.99,N/A,https://foodlandbalaklava.com.au//lines/card-bday-still-tinkerng-5-99
Foodland Balaklava,2025-05-04 23:57:04,Card Bday Stripper Stage $​4.​99,N/A,N/A,$4.99,N/A,https://foodlandbalaklava.com.au//lines/card-bday-stripper-stage-4-99
Foodland Balaklava,2025-05-04 23:57:04,Card Birthday $​4.​99,N/A,N/A,$4.99,N/A,https://foodlandbalaklava.com.au//lines/card-birthday-4-99-1
Foodland Balaklava,2025-05-04 23:57:04,Card Birthday 40th $​4.​99,N/A,N/A,$4.99,N/A,https://foodlandbalaklava.com.au//lines/card-birthday-40th-4-99
Foodland Balaklava,2025-05-04 23:57:04,Card Birthday 50th $​4.​99,N/A,N/A,$4.99,N/A,https://foodlandbalaklava.com.au//lines/card-birthday-50th-4-99
Foodland Balaklava,2025-05-04 23:57:04,Card Birthday Female $​7.​99,N/A,N/A,$7.99,N/A,https://foodlandbalaklava.com.au//lines/card-birthday-female-7-99
Foodland Balaklava,2025-05-04 23:57:04,Card Blank $​7.​99,N/A,N/A,$7.99,N/A,https://foodlandbalaklava.com.au//lines/card-blank-7-99
Foodland Balaklava,2025-05-04 23:57:04,Card Bluey Birthday Bld $​5.​99,N/A,N/A,$5.99,N/A,https://foodlandbalaklava.com.au//lines/card-bluey-birthday-bld-5-99
Foodland Balaklava,2025-05-04 23:57:04,Card Boy Birthday -$​4.​95,N/A,N/A,$4.95,N/A,https://foodlandbalaklava.com.au//lines/card-boy-birthday-4-95
Foodland Balaklava,2025-05-04 23:57:04,Card Brother Birthday $​4.​95,N/A,N/A,$4.95,N/A,https://foodlandbalaklava.com.au//lines/card-brother-birthday-4-95
Foodland Balaklava,2025-05-04 23:57:04,Card Bug Art 4 Blue Brds $​6.​95,N/A,N/A,$7.99,N/A,https://foodlandbalaklava.com.au//lines/card-bug-art-elephant-balloons-7-99-1
Foodland Balaklava,2025-05-04 23:57:04,Card Bug Art Balloons,N/A,N/A,$7.95,N/A,https://foodlandbalaklava.com.au//lines/card-bug-art-balloons
Foodland Balaklava,2025-05-04 23:57:04,Card Bug Art Song Birds $​6.​95,N/A,N/A,$7.99,N/A,https://foodlandbalaklava.com.au//lines/card-bug-art-song-birds-7-99-1
Foodland Balaklava,2025-05-04 23:57:04,Card Bug Art Summer Butterflies,N/A,N/A,$7.99,N/A,https://foodlandbalaklava.com.au//lines/card-bug-art-summer-butterflies
Foodland Balaklava,2025-05-04 23:57:04,Card Buy/​Luck 5 Balloons $​5.​99,N/A,N/A,$5.99,N/A,https://foodlandbalaklava.com.au//lines/card-buy-luck-5-balloons-5-99
Foodland Balaklava,2025-05-04 23:57:04,Card Comic - Bday Bear $​4.​99,N/A,N/A,$4.99,N/A,https://foodlandbalaklava.com.au//lines/card-comic-bday-bear-4-99
Foodland Balaklava,2025-05-04 23:57:04,Card Comic Bday Bird&​Cat $​4.​99,N/A,N/A,$4.99,N/A,https://foodlandbalaklava.com.au//lines/card-comic-bday-bird-cat-4-99
Foodland Balaklava,2025-05-04 23:57:04,Card Comic General Bday $​4.​99,N/A,N/A,$4.99,N/A,https://foodlandbalaklava.com.au//lines/card-comic-general-bday-4-99
Foodland Balaklava,2025-05-04 23:57:04,Card Comic Gnral - Bday $​4.​99,N/A,N/A,$4.99,N/A,https://foodlandbalaklava.com.au//lines/card-comic-gnral-bday-4-99
Foodland Balaklava,2025-05-04 23:57:04,Card Comic- Bday $​4.​99,N/A,N/A,$4.99,N/A,https://foodlandbalaklava.com.au//lines/card-comic-bday-4-99
Foodland Balaklava,2025-05-04 23:57:04,Card Congrats Cont B,N/A,N/A,$4.99,N/A,https://foodlandbalaklava.com.au//lines/card-congrats-cont-b
Foodland Balaklava,2025-05-04 23:57:04,Card Dad Bday Green/​Gld $​4.​99,N/A,N/A,$4.99,N/A,https://foodlandbalaklava.com.au//lines/card-dad-bday-green-gld-4-99
Foodland Balaklava,2025-05-04 23:57:04,Card Dad Birthday $​4.​99,N/A,N/A,$4.99,N/A,https://foodlandbalaklava.com.au//lines/card-dad-birthday-4-99
Foodland Balaklava,2025-05-04 23:57:04,Card Daught Bday Teddy $​5.​99,N/A,N/A,$5.99,N/A,https://foodlandbalaklava.com.au//lines/card-daught-bday-teddy-5-99
Foodland Balaklava,2025-05-04 23:57:04,Card Daughter Balloons $​4.​99,N/A,N/A,$4.99,N/A,https://foodlandbalaklava.com.au//lines/card-daughter-balloons-4-99
Foodland Balaklava,2025-05-04 23:57:04,Card Daughter Photo,N/A,N/A,$4.99,N/A,https://foodlandbalaklava.com.au//lines/card-birthday-daughter-4-99
Foodland Balaklava,2025-05-04 23:57:04,Card E/​Day Female Bday $​4.​99,N/A,N/A,$4.99,N/A,https://foodlandbalaklava.com.au//lines/card-e-day-female-bday-4-99
Foodland Balaklava,2025-05-04 23:57:04,Card Everyday Wedding $​4.​99,N/A,N/A,$4.99,N/A,https://foodlandbalaklava.com.au//lines/card-everyday-wedding-4-99
Foodland Balaklava,2025-05-04 23:57:04,Card F Birthday $​4.​99,N/A,N/A,$4.99,N/A,https://foodlandbalaklava.com.au//lines/card-f-birthday-4-99
Foodland Balaklava,2025-05-04 23:57:04,Card Fem 60th Birthday $​5.​99,N/A,N/A,$5.99,N/A,https://foodlandbalaklava.com.au//lines/card-fem-60th-birthday-5-99
Foodland Balaklava,2025-05-04 23:57:04,Card Fem Bday Kitten Lav $​6.​99,N/A,N/A,$6.99,N/A,https://foodlandbalaklava.com.au//lines/card-fem-bday-kitten-lav-6-99
Foodland Balaklava,2025-05-04 23:57:05,Card Female -Bday- $​5.​99,N/A,N/A,$5.99,N/A,https://foodlandbalaklava.com.au//lines/card-female-bday-5-99-1
Foodland Balaklava,2025-05-04 23:57:05,Card Female Bday $​5.​99,N/A,N/A,$5.99,N/A,https://foodlandbalaklava.com.au//lines/card-female-bday-5-99-2
Foodland Balaklava,2025-05-04 23:57:05,Card Female Bday - Cute $​4.​99,N/A,N/A,$4.99,N/A,https://foodlandbalaklava.com.au//lines/card-female-bday-cute-4-99
Foodland Balaklava,2025-05-04 23:57:05,Card Female Bday Bb Tree $​4.​99,N/A,N/A,$4.99,N/A,https://foodlandbalaklava.com.au//lines/card-female-bday-bb-tree-4-99
Foodland Balaklava,2025-05-04 23:57:05,Card Female Bday Red Flr $​5.​99,N/A,N/A,$5.99,N/A,https://foodlandbalaklava.com.au//lines/card-female-bday-red-flr-5-99
Foodland Balaklava,2025-05-04 23:57:05,Card Female Bday- $​4.​99,N/A,N/A,$4.99,N/A,https://foodlandbalaklava.com.au//lines/card-female-bday-4-99
Foodland Balaklava,2025-05-04 23:57:05,Card Female Birthday $​6.​99,N/A,N/A,$6.99,N/A,https://foodlandbalaklava.com.au//lines/card-female-birthday-6-99
Foodland Balaklava,2025-05-04 23:57:05,Card Female Birthday D,N/A,N/A,$4.99,N/A,https://foodlandbalaklava.com.au//lines/card-fem-bday-butfly-4-99
Foodland Balaklava,2025-05-04 23:57:05,Card Fmale Bday $​4.​99,N/A,N/A,$4.99,N/A,https://foodlandbalaklava.com.au//lines/card-fmale-bday-4-99
Foodland Balaklava,2025-05-04 23:57:05,Card Friend Pink Bday $​7.​99,N/A,N/A,$7.99,N/A,https://foodlandbalaklava.com.au//lines/card-friend-pink-bday-7-99
Foodland Balaklava,2025-05-04 23:57:05,Card Get Well Fem Floral $​5.​99,N/A,N/A,$5.99,N/A,https://foodlandbalaklava.com.au//lines/card-get-well-fem-floral-5-99
Foodland Balaklava,2025-05-04 23:57:05,Card Get Well Male,N/A,N/A,$4.99,N/A,https://foodlandbalaklava.com.au//lines/card-male-get-well-hexa-4-99
Foodland Balaklava,2025-05-04 23:57:05,Card Granddaughter $​4.​99,N/A,N/A,$5.99,N/A,https://foodlandbalaklava.com.au//lines/card-granddaughter-4-99
Foodland Balaklava,2025-05-04 23:57:05,Card Granddaughter $​7.​99,N/A,N/A,$7.99,N/A,https://foodlandbalaklava.com.au//lines/card-granddaughter-7-99
Foodland Balaklava,2025-05-04 23:57:05,Card Granddaughter Trad,N/A,N/A,$4.99,N/A,https://foodlandbalaklava.com.au//lines/card-granddaughter-bday-4-99
Foodland Balaklava,2025-05-04 23:57:05,Card Grandson - Trad $​5.​99,N/A,N/A,$5.99,N/A,https://foodlandbalaklava.com.au//lines/card-grandson-trad-5-99
Foodland Balaklava,2025-05-04 23:57:05,Card Grandson Bday Pizza $​7.​99,N/A,N/A,$7.99,N/A,https://foodlandbalaklava.com.au//lines/card-grandson-bday-pizza-7-99
Foodland Balaklava,2025-05-04 23:57:05,Card Grandson Cc,N/A,N/A,$4.99,N/A,https://foodlandbalaklava.com.au//lines/card-grandson-birthday-4-99
Foodland Balaklava,2025-05-04 23:57:05,Card Grandson Trad B,N/A,N/A,$4.99,N/A,https://foodlandbalaklava.com.au//lines/card-grandson-your-day-4-99
Foodland Balaklava,2025-05-04 23:57:05,Card Heart Wreath $​4.​99,N/A,N/A,$4.99,N/A,https://foodlandbalaklava.com.au//lines/card-heart-wreath-4-99
Foodland Balaklava,2025-05-04 23:57:05,Card Husband Bday $​7.​99,N/A,N/A,$7.99,N/A,https://foodlandbalaklava.com.au//lines/card-husband-bday-7-99
Foodland Balaklava,2025-05-04 23:57:05,Card Husband Birthday $​4.​99,N/A,N/A,$4.99,N/A,https://foodlandbalaklava.com.au//lines/card-husband-birthday-4-99
Foodland Balaklava,2025-05-04 23:57:05,Card Husband Birthday $​5.​99,N/A,N/A,$5.99,N/A,https://foodlandbalaklava.com.au//lines/card-husband-birthday-5-99
Foodland Balaklava,2025-05-04 23:57:05,Card Intouch - Baby Girl $​7.​99,N/A,N/A,$7.99,N/A,https://foodlandbalaklava.com.au//lines/card-intouch-baby-girl-7-99
Foodland Balaklava,2025-05-04 23:57:05,Card Intouch - Female,N/A,N/A,$7.99,N/A,https://foodlandbalaklava.com.au//lines/card-intouch-female
Foodland Balaklava,2025-05-04 23:57:05,Card Intouch Sympathy $​7.​99,N/A,N/A,$7.99,N/A,https://foodlandbalaklava.com.au//lines/card-intouch-sympathy-7-99
Foodland Balaklava,2025-05-04 23:57:05,Card Juv Bday Boy Pirate $​3.​99,N/A,N/A,$3.99,N/A,https://foodlandbalaklava.com.au//lines/card-juv-bday-boy-pirate-3-99
Foodland Balaklava,2025-05-04 23:57:05,Card Juv Bday Girl Sundae$​4.​99,N/A,N/A,$4.99,N/A,https://foodlandbalaklava.com.au//lines/card-juv-bday-girl-sundae-4-99
Foodland Balaklava,2025-05-04 23:57:05,Card Male 50 Bday Spotty $​5.​99,N/A,N/A,$5.99,N/A,https://foodlandbalaklava.com.au//lines/card-male-50-bday-spotty-5-99
Foodland Balaklava,2025-05-04 23:57:05,Card Male Bday $​4.​99,N/A,N/A,$4.99,N/A,https://foodlandbalaklava.com.au//lines/card-male-bday-4-99
Foodland Balaklava,2025-05-04 23:57:05,Card Male Birthday $​4.​99,N/A,N/A,$4.99,N/A,https://foodlandbalaklava.com.au//lines/card-male-birthday-4-99-1
Foodland Balaklava,2025-05-04 23:57:05,Card Male Colored Text $​5.​99,N/A,N/A,$5.99,N/A,https://foodlandbalaklava.com.au//lines/card-male-colored-text-5-99
Foodland Balaklava,2025-05-04 23:57:05,Card Mum Bday - Comic $​4.​99,N/A,N/A,$4.99,N/A,https://foodlandbalaklava.com.au//lines/card-mum-bday-comic-4-99
Foodland Balaklava,2025-05-04 23:57:05,Card Mum Birthday $​5.​99,N/A,N/A,$5.99,N/A,https://foodlandbalaklava.com.au//lines/card-mum-birthday-5-99
Foodland Balaklava,2025-05-04 23:57:05,Card Mums Birthday $​4.​99,N/A,N/A,$4.99,N/A,https://foodlandbalaklava.com.au//lines/card-mums-birthday-4-99
Foodland Balaklava,2025-05-04 23:57:05,Card Pizazz Fem Bday Flr $​5.​99,N/A,N/A,$5.99,N/A,https://foodlandbalaklava.com.au//lines/card-pizazz-fem-bday-flr-5-99
Foodland Balaklava,2025-05-04 23:57:05,Card Pizazz Special Frnd $​5.​99,N/A,N/A,$5.99,N/A,https://foodlandbalaklava.com.au//lines/card-pizazz-special-frnd-5-99
Foodland Balaklava,2025-05-04 23:57:05,Card Sister Trad,N/A,N/A,$4.99,N/A,https://foodlandbalaklava.com.au//lines/card-sis-bday-balloons-4-99
Foodland Balaklava,2025-05-04 23:57:05,Card Someone Special $​6.​99,N/A,N/A,$6.99,N/A,https://foodlandbalaklava.com.au//lines/card-someone-special-6-99
Foodland Balaklava,2025-05-04 23:57:05,Card Son Birthday $​4.​99,N/A,N/A,$4.99,N/A,https://foodlandbalaklava.com.au//lines/card-son-birthday-4-99
Foodland Balaklava,2025-05-04 23:57:05,Card Son Trad $​4.​99,N/A,N/A,$4.99,N/A,https://foodlandbalaklava.com.au//lines/card-son-trad-4-99
Foodland Balaklava,2025-05-04 23:57:05,Card Symp $​4.​99,N/A,N/A,$4.99,N/A,https://foodlandbalaklava.com.au//lines/card-symp-4-99
Foodland Balaklava,2025-05-04 23:57:05,Card Symp Silver Flowers $​5.​99,N/A,N/A,$5.99,N/A,https://foodlandbalaklava.com.au//lines/card-symp-silver-flowers-5-99
Foodland Balaklava,2025-05-04 23:57:05,Card Sympathy,N/A,N/A,$4.99,N/A,https://foodlandbalaklava.com.au//lines/card-sympathy-gneral-4-99
Foodland Balaklava,2025-05-04 23:57:05,Card Sympathy $​5.​99,N/A,N/A,$5.99,N/A,https://foodlandbalaklava.com.au//lines/card-sympathy-5-99
Foodland Balaklava,2025-05-04 23:57:05,Card Sympathy General $​4.​99,N/A,N/A,$4.99,N/A,https://foodlandbalaklava.com.au//lines/card-sympathy-general-4-99
Foodland Balaklava,2025-05-04 23:57:05,Card Sympathy General $​6.​99,N/A,N/A,$6.99,N/A,https://foodlandbalaklava.com.au//lines/card-sympathy-general-6-99
Foodland Balaklava,2025-05-04 23:57:05,Card Sympathy- $​4.​99,N/A,N/A,$4.99,N/A,https://foodlandbalaklava.com.au//lines/card-sympathy-4-99-1
Foodland Balaklava,2025-05-04 23:57:06,Card Teen Birthday $​4.​99,N/A,N/A,$4.99,N/A,https://foodlandbalaklava.com.au//lines/card-teen-birthday-4-99
Foodland Balaklava,2025-05-04 23:57:06,Card Teenage Boy Birthday$​4.​99,N/A,N/A,$4.99,N/A,https://foodlandbalaklava.com.au//lines/card-teenage-boy-birthday-4-99
Foodland Balaklava,2025-05-04 23:57:06,Card Thank You - Formal $​4.​99,N/A,N/A,$4.99,N/A,https://foodlandbalaklava.com.au//lines/card-thank-you-formal-4-99
Foodland Balaklava,2025-05-04 23:57:06,Card Thankyou $​4.​99,N/A,N/A,$4.99,N/A,https://foodlandbalaklava.com.au//lines/card-thankyou-4-99
Foodland Balaklava,2025-05-04 23:57:06,Card Think Of You $​5.​99,N/A,N/A,$5.99,N/A,https://foodlandbalaklava.com.au//lines/card-think-of-you-5-99
Foodland Balaklava,2025-05-04 23:57:06,Card Thnking Of You Fem $​4.​99,N/A,N/A,$4.99,N/A,https://foodlandbalaklava.com.au//lines/card-thnking-of-you-fem-4-99
Foodland Balaklava,2025-05-04 23:57:06,Card Wedding $​4.​99,N/A,N/A,$4.99,N/A,https://foodlandbalaklava.com.au//lines/card-wedding-4-99
Foodland Balaklava,2025-05-04 23:57:06,Card Wedding Bird Ribbon $​6.​99,N/A,N/A,$6.99,N/A,https://foodlandbalaklava.com.au//lines/card-wedding-bird-ribbon-6-99
Foodland Balaklava,2025-05-04 23:57:06,Card Wedding Couple $​4.​99,N/A,N/A,$4.99,N/A,https://foodlandbalaklava.com.au//lines/card-wedding-couple-4-99
Foodland Balaklava,2025-05-04 23:57:06,Card Wedding Greeting $​7.​99,N/A,N/A,$7.99,N/A,https://foodlandbalaklava.com.au//lines/card-wedding-greeting-7-99
Foodland Balaklava,2025-05-04 23:57:06,Card Wedding Trad,N/A,N/A,$4.99,N/A,https://foodlandbalaklava.com.au//lines/card-wedding-air-balloon-4-99
Foodland Balaklava,2025-05-04 23:57:06,Card Wife Bday $​4.​99,N/A,N/A,$4.99,N/A,https://foodlandbalaklava.com.au//lines/card-wife-bday-4-99
Foodland Balaklava,2025-05-04 23:57:06,Care Wipes 100pk,N/A,N/A,$4.00,$0.04 Each,https://foodlandbalaklava.com.au//lines/care-baby-wipes-100pk
Foodland Balaklava,2025-05-04 23:57:06,Carefree Barely There Scented Aloe Liners 42 Pack,N/A,N/A,$5.50,$0.13 Each,https://foodlandbalaklava.com.au//lines/carefree-p-liner-aloe-vera-42s
Foodland Balaklava,2025-05-04 23:57:06,Carefree Barely There Unscented Liners 42 Pack,N/A,N/A,$5.50,$0.13 Each,https://foodlandbalaklava.com.au//lines/carefree-p-lnr-b-ther-b-abl42s
Foodland Balaklava,2025-05-04 23:57:06,Carefree Flexia Super Tampons 16 Pack,N/A,was $6.85,$6.20,$0.39 Each,https://foodlandbalaklava.com.au//lines/carefree-tampons-flex-sup-16s
Foodland Balaklava,2025-05-04 23:57:06,Carefree Longs Carefree Original Long Unscented Liners 30 Pack,N/A,was $6.85,$5.95,$0.20 Each,https://foodlandbalaklava.com.au//lines/carefree-p-liners-long-30s
Foodland Balaklava,2025-05-04 23:57:06,Carefree Original Regular Tampons 16 Pack,N/A,was $5.25,$3.90,$0.24 Each,https://foodlandbalaklava.com.au//lines/carefree-tampon-orig-reg-16s
Foodland Balaklava,2025-05-04 23:57:06,Carefree Original Regular Tampons 32 Pack,N/A,was $8.95,$7.50,$0.23 Each,https://foodlandbalaklava.com.au//lines/carefree-tampon-orig-reg-32s
Foodland Balaklava,2025-05-04 23:57:06,Carefree Original Scented Liners 30 Pack,N/A,was $5.80,$5.15,$0.17 Each,https://foodlandbalaklava.com.au//lines/carefree-p-liner-deod-f-wrp30s
Foodland Balaklava,2025-05-04 23:57:06,Carefree Original Super Tampons 32 Pack,N/A,was $8.95,$7.50,$0.23 Each,https://foodlandbalaklava.com.au//lines/carefree-tampons-super-32s
Foodland Balaklava,2025-05-04 23:57:06,Carefree Original Unscented Liners 30 Pack,N/A,was $5.80,$5.15,$0.17 Each,https://foodlandbalaklava.com.au//lines/carefree-p-liner-reg-f-wrp-30s
Foodland Balaklava,2025-05-04 23:57:06,Carefree Original Unscented Liners 48 Pack,N/A,was $7.35,$6.60,$0.14 Each,https://foodlandbalaklava.com.au//lines/carefree-p-liner-flat-48s
Foodland Balaklava,2025-05-04 23:57:06,"Carman's 5 Grain & Seed Granola Almond, Vanilla & Cinnamon",450g,N/A,$8.95,$1.99 per 100g,https://foodlandbalaklava.com.au//lines/carmans-gran-5grn-alm-van450gm
Foodland Balaklava,2025-05-04 23:57:06,Carman's 5 Grain & Seed Granola Pink Lady Apple & Blueberry,450g,was $8.95,$5.00,$1.11 per 100g,https://foodlandbalaklava.com.au//lines/carmans-gran-5grn-ap-bbry450gm
Foodland Balaklava,2025-05-04 23:57:06,Carman's Antioxidant Granola Blueberry & Vanilla,425g,N/A,$8.95,$2.11 per 100g,https://foodlandbalaklava.com.au//lines/carmans-gran-blubry-van-425gm
Foodland Balaklava,2025-05-04 23:57:06,Carman's Aussie Oat Clusters Apple Crunch,450g,N/A,$8.95,$1.99 per 100g,https://foodlandbalaklava.com.au//lines/carmans-clstr-oat-aus-apl450gm
Foodland Balaklava,2025-05-04 23:57:06,Carman's Aussie Oat Clusters Berry Crunch,450g,N/A,$8.95,$1.99 per 100g,https://foodlandbalaklava.com.au//lines/carmans-clstr-oat-aus-bry450gm
Foodland Balaklava,2025-05-04 23:57:06,Carman's Aussie Oat Clusters Berry Crunch Value Pack,800g,N/A,$9.50,$1.19 per 100g,https://foodlandbalaklava.com.au//lines/carmans-clstr-crnch-bry-800gm
Foodland Balaklava,2025-05-04 23:57:06,Carman's Crispy Deluxe Muesli Almond & Maple,400g,N/A,$8.40,$2.10 per 100g,https://foodlandbalaklava.com.au//lines/carmans-muesli-al-map-g-f400gm
Foodland Balaklava,2025-05-04 23:57:06,Carman's Crispy Deluxe Value Pack Fruit & Nut Muesli,1.2kg,N/A,$21.00,$1.75 per 100g,https://foodlandbalaklava.com.au//lines/carmans-muesli-deluxe-1-2kg
Foodland Balaklava,2025-05-04 23:57:06,Carman's Gourmet Porridge Sachets Super Berry & Coconut Porridge,320g,was $7.90,$5.15,$1.61 per 100g,https://foodlandbalaklava.com.au//lines/carmans-prdge-super-bry-320gm
Foodland Balaklava,2025-05-04 23:57:06,"Carman's Grain Free Granola Almond, Macadamia, Cashew & Pecan",400g,N/A,$16.80,$4.20 per 100g,https://foodlandbalaklava.com.au//lines/carmans-gran-g-fr-alm-mac400gm
Foodland Balaklava,2025-05-04 23:57:06,Carman's Low Carb Granola Peanut Butter,425g,was $8.95,$5.80,$1.36 per 100g,https://foodlandbalaklava.com.au//lines/carmans-gran-l-carb-pnut-425g
Foodland Balaklava,2025-05-04 23:57:06,Carman's Low Sugar Granola Raspberry & Coconut,450g,N/A,$8.95,$1.99 per 100g,https://foodlandbalaklava.com.au//lines/carmans-gran-rasp-coc-l-s450gm
Foodland Balaklava,2025-05-04 23:57:06,Carman's Muesli Bars Classic Fruit & Nut,540g,N/A,$12.10,$2.24 per 100g,https://foodlandbalaklava.com.au//lines/carmans-mues-b-class-f-nt-12pk
Foodland Balaklava,2025-05-04 23:57:06,Carman's Muesli Bars Original Fruit Free,540g,N/A,$12.10,$2.24 per 100g,https://foodlandbalaklava.com.au//lines/carmans-mues-b-orig-frt-fr12pk
Foodland Balaklava,2025-05-04 23:57:06,"Carman's Muesli Bars Super Berry, Cranberry, Blueberry & Goji",270g,N/A,$7.90,$2.93 per 100g,https://foodlandbalaklava.com.au//lines/carmans-mues-b-super-bry-270gm
Foodland Balaklava,2025-05-04 23:57:06,"Carman's No Added Sugar Porridge Sachets Almond, Pecan & Hazelnut",320g,was $7.90,$5.15,$1.61 per 100g,https://foodlandbalaklava.com.au//lines/carmans-prdge-alm-pcn-hz-320gm
Foodland Balaklava,2025-05-04 23:57:06,Carman's Oat Slice Bites Variety Pack Golden Oat & Coconut And Belgian Chocolate Brownie,320g,N/A,$12.10,$3.78 per 100g,https://foodlandbalaklava.com.au//lines/carmans-oat-slic-var-pck-320gm
Foodland Balaklava,2025-05-04 23:57:06,"Carman's Protein Bars Coconut, Yoghurt & Roasted Nut",200g,N/A,$8.30,$4.15 per 100g,https://foodlandbalaklava.com.au//lines/carmans-pro-bar-coc-yg-nt200gm
Foodland Balaklava,2025-05-04 23:57:06,Carman's Protein Bars Dark Choc & Cranberry,200g,N/A,$8.30,$4.15 per 100g,https://foodlandbalaklava.com.au//lines/carmans-pro-bar-d-ch-cbry200gm
Foodland Balaklava,2025-05-04 23:57:06,Carman's Protein Bars Greek Style Yoghurt & Berry,200g,N/A,$8.30,$4.15 per 100g,https://foodlandbalaklava.com.au//lines/carmans-pro-bar-grk-y-bry200gm
Foodland Balaklava,2025-05-04 23:57:06,Carman's Protein Bars Iced Coffee Limited Edition,200g,N/A,$8.30,$4.15 per 100g,https://foodlandbalaklava.com.au//lines/carmans-pro-bar-i-coffe-200gm
Foodland Balaklava,2025-05-04 23:57:06,Carman's Protein Bars Salted Dark Choc & Almond,200g,N/A,$8.30,$4.15 per 100g,https://foodlandbalaklava.com.au//lines/carmans-pr-bar-d-ch-almd-200gm
Foodland Balaklava,2025-05-04 23:57:06,"Carman's Protein Porridge Sachets Almond, Vanilla & Cinnamon",270g,was $7.90,$5.15,$1.91 per 100g,https://foodlandbalaklava.com.au//lines/carmans-prdge-alm-vn-cin-270gm
Foodland Balaklava,2025-05-04 23:57:06,Carman's Protein Rich Granola Almond & Hazelnut,450g,N/A,$8.95,$1.99 per 100g,https://foodlandbalaklava.com.au//lines/carmans-gran-pro-alm-hzl-450g
Foodland Balaklava,2025-05-04 23:57:06,Carman's Toasted Muesli Classic Fruit & Nut,500g,N/A,$7.90,$1.58 per 100g,https://foodlandbalaklava.com.au//lines/carmans-muesli-classic-500gm
Foodland Balaklava,2025-05-04 23:57:08,Carman's Toasted Muesli Classic Fruit & Nut,875g,N/A,$9.90,$1.13 per 100g,https://foodlandbalaklava.com.au//lines/carmans-muesli-classic-875gm
Foodland Balaklava,2025-05-04 23:57:08,Carman's Toasted Muesli Original Fruit Free,500g,N/A,$7.90,$1.58 per 100g,https://foodlandbalaklava.com.au//lines/carmans-muesli-original-500gm
Foodland Balaklava,2025-05-04 23:57:08,Carman's Toasted Muesli Original Fruit Free Value Pack,1.5kg,N/A,$16.80,$1.12 per 100g,https://foodlandbalaklava.com.au//lines/carmans-muesli-original-1-5kg
Foodland Balaklava,2025-05-04 23:57:08,Carman's Toasted Muesli Original Fruit Free Value Pack,875g,N/A,$9.90,$1.13 per 100g,https://foodlandbalaklava.com.au//lines/carmans-muesli-original-875gm
Foodland Balaklava,2025-05-04 23:57:08,Carman's Toasted Muesli Super Berry Cranberry & Blueberry,500g,N/A,$7.90,$1.58 per 100g,https://foodlandbalaklava.com.au//lines/carmans-muesli-super-bry-500gm
Foodland Balaklava,2025-05-04 23:57:08,Carman's Toasted Muesli Super Berry Cranberry & Blueberry Value Pack,875g,N/A,$9.90,$1.13 per 100g,https://foodlandbalaklava.com.au//lines/carmans-muesli-spr-berry-875g
Foodland Balaklava,2025-05-04 23:57:08,Carman's Untoasted Muesli Natural Bircher,500g,N/A,$7.90,$1.58 per 100g,https://foodlandbalaklava.com.au//lines/carmans-muesli-natural-500gm
Foodland Balaklava,2025-05-04 23:57:08,Carman's Untoasted Muesli Natural Bircher,875g,N/A,$9.90,$1.13 per 100g,https://foodlandbalaklava.com.au//lines/carmans-muesli-bircher-875gm
Foodland Balaklava,2025-05-04 23:57:08,Carman's Untoasted Muesli Natural Bircher Value Pack,1.5kg,N/A,$16.80,$1.12 per 100g,https://foodlandbalaklava.com.au//lines/carmans-muesli-natural-1-5kg
Foodland Balaklava,2025-05-04 23:57:08,Carmex Assorted Minis Fun Squeeze Tube Spf15 3pk,N/A,N/A,$9.50,$6.33 per 10g,https://foodlandbalaklava.com.au//lines/carmex-mini-lip-balm-3-x-5g
Foodland Balaklava,2025-05-04 23:57:08,Carob Kitchen Carob Milk Chocolate Bar,80g,N/A,$9.50,$11.88 per 100g,https://foodlandbalaklava.com.au//lines/carob-kitch-mint-block-80g-1
Foodland Balaklava,2025-05-04 23:57:08,Caroline's App/​Blkcurrant Yuzu,330mL,N/A,$3.90,$1.18 per 100mL,https://foodlandbalaklava.com.au//lines/caroline-s-app-blkcurrant-yuzu-330ml
Foodland Balaklava,2025-05-04 23:57:08,Cartia 100mg 28 Tablets,N/A,N/A,$5.25,$0.19 Each,https://foodlandbalaklava.com.au//lines/cartia-low-dose-asprn-tab-28s
Foodland Balaklava,2025-05-04 23:57:08,"Cashmere Bouquet Fine Bar Soap, , Lavender",4 x 100g,was $5.25,$4.50,$1.12 per 100g,https://foodlandbalaklava.com.au//lines/c-bouq-soap-lavender-4x100gm
Foodland Balaklava,2025-05-04 23:57:08,"Cashmere Bouquet Talcum Powder, , Fresh Lavender",250g,N/A,$4.20,$1.68 per 100g,https://foodlandbalaklava.com.au//lines/c-bouq-talc-lavender-250gm
Foodland Balaklava,2025-05-04 23:57:08,Castello Cream Cheese Natural,200g,N/A,$5.25,$26.25 per kg,https://foodlandbalaklava.com.au//lines/castello-cream-cheese-200g
Foodland Balaklava,2025-05-04 23:57:08,Castello Creamy Havarti Cheese,200g,N/A,$8.95,$44.75 per kg,https://foodlandbalaklava.com.au//lines/castello-chse-havarti-200gm
Foodland Balaklava,2025-05-04 23:57:08,Castello Double Cream Brie Cheese,150g,N/A,$8.00,$53.33 per kg,https://foodlandbalaklava.com.au//lines/castello-chse-dbl-crm-wht150gm
Foodland Balaklava,2025-05-04 23:57:08,Castello Goat Cheese Log,110g,N/A,$6.85,$62.27 per kg,https://foodlandbalaklava.com.au//lines/castello-chse-goats-110g
Foodland Balaklava,2025-05-04 23:57:08,Castello Greek Style Fetta Cheese Cubes In Brine,410g,N/A,$6.30,$14.65 per 100g,https://foodlandbalaklava.com.au//lines/castello-fetta-cubes-430g-1
Foodland Balaklava,2025-05-04 23:57:08,Catalanos Prw Meat Gar Aus200g,N/A,N/A,$16.80,$84.00 per kg,https://foodlandbalaklava.com.au//lines/catalanos-prw-meat-gar-aus200g
Foodland Balaklava,2025-05-04 23:57:08,Catalanos Prwn Meat Aust,200g,N/A,$16.80,$84.00 per kg,https://foodlandbalaklava.com.au//lines/catalanos-prwn-meat-aust-200g
Foodland Balaklava,2025-05-04 23:57:08,Catalanos Snapr Flt Trop,260g,was $16.80,$16.35,$16.35 per kg,https://foodlandbalaklava.com.au//lines/catalanos-snapr-flt-trop-260g
Foodland Balaklava,2025-05-04 23:57:08,Catalanos Whtng Flt Crmb,500g,was $21.00,$18.45,$36.90 per kg,https://foodlandbalaklava.com.au//lines/catalanos-whtng-flt-crmb-500g
Foodland Balaklava,2025-05-04 23:57:08,Catsan™ Natural Clumping Clay Premium Cat Litter Bag,3.5kg,N/A,$13.65,$3.90 per kg,https://foodlandbalaklava.com.au//lines/catsan-cat-litter-ultra-3-5kg
Foodland Balaklava,2025-05-04 23:57:08,Cavalier Bremworth Carpet Stain Remover For Dry Stains Can 350g,350g,N/A,$9.15,$2.61 per 100g,https://foodlandbalaklava.com.au//lines/cav-b-wrth-crpt-s-rem-350gm
Foodland Balaklava,2025-05-04 23:57:08,Cavendish & Harvey Sugar Free Mixed Fruit Drops,175g,N/A,$5.60,$3.20 per 100g,https://foodlandbalaklava.com.au//lines/cavendish-s-fr-mx-frt-drops-175g
Foodland Balaklava,2025-05-04 23:57:08,Cavendish S/​Fr Trop Frt Drops,170g,N/A,$5.60,$3.20 per 100g,https://foodlandbalaklava.com.au//lines/cavendish-s-fr-trop-frt-drops-170g
Foodland Balaklava,2025-05-04 23:57:08,Cavendish Wld Bry Drops,175g,N/A,$4.50,$2.57 per 100g,https://foodlandbalaklava.com.au//lines/cavendish-wld-bry-drops-200g-1
Foodland Balaklava,2025-05-04 23:57:08,Cb Fetta Dill & Garlic,335g,was $12.60,$11.35,$33.88 per kg,https://foodlandbalaklava.com.au//lines/cb-fetta-dill-garlic-335g
Foodland Balaklava,2025-05-04 23:57:08,Cb Fetta Gar Olv Oil & Hrb,335g,N/A,$10.60,N/A,https://foodlandbalaklava.com.au//lines/cb-fetta-gar-olv-oil-hrb-335g
Foodland Balaklava,2025-05-04 23:57:08,Cb Persian Fetta,335g,was $12.60,$11.35,$33.88 per kg,https://foodlandbalaklava.com.au//lines/cb-persian-fetta-335g
Foodland Balaklava,2025-05-04 23:57:08,Cb Premium Cottage Cheese,250g,was $6.80,$6.50,$2.60 per 100g,https://foodlandbalaklava.com.au//lines/cb-premium-cottage-cheese-250g
Foodland Balaklava,2025-05-04 23:57:08,Cb Premium Mascarpone,250g,was $9.00,$7.65,$3.06 per 100g,https://foodlandbalaklava.com.au//lines/cb-premium-mascarpone-250gm
Foodland Balaklava,2025-05-04 23:57:08,Cc Tempura Batter Mix,350g,N/A,$4.69,$1.34 per 100g,https://foodlandbalaklava.com.au//lines/cc-tempura-batter-mix-350g-1
Foodland Balaklava,2025-05-04 23:57:08,Cc Xylitol Natural Sweetener,500g,N/A,$11.00,$2.20 per 100g,https://foodlandbalaklava.com.au//lines/cc-xylitol-natural-sweetener-500g
Foodland Balaklava,2025-05-04 23:57:08,Ccs Tasty Cheese,175g,was $5.25,$4.55,$2.60 per 100g,https://foodlandbalaklava.com.au//lines/cc-s-c-chips-tsty-chse-175gm
Foodland Balaklava,2025-05-04 23:57:08,Cc’​S Chilli & Lime Corn Chips,175g,was $5.25,$4.55,$2.60 per 100g,https://foodlandbalaklava.com.au//lines/cc-s-c-chips-chilli-lime-175gm
Foodland Balaklava,2025-05-04 23:57:08,Cc’​S Meat Pie Corn Chips,175g,was $5.25,$4.55,$2.60 per 100g,https://foodlandbalaklava.com.au//lines/cc-s-c-chips-meat-pie-175g
Foodland Balaklava,2025-05-04 23:57:08,Cc’​S Sausage Roll & Sauce Corn Chips,175g,was $5.25,$4.55,$2.60 per 100g,https://foodlandbalaklava.com.au//lines/cc-s-c-chips-s-roll-sce175gm
Foodland Balaklava,2025-05-04 23:57:08,Cedar Mothballs Lavender Scented 16pk,N/A,N/A,$4.99,$0.31 Each,https://foodlandbalaklava.com.au//lines/lavendar-cedar-moth-balls-16pk
Foodland Balaklava,2025-05-04 23:57:08,Celery Pieces,300g,N/A,$4.00,$13.33 per kg,https://foodlandbalaklava.com.au//lines/celery-pieces-300g
Foodland Balaklava,2025-05-04 23:57:08,Celestial Seasonings Bengal Spice Caffeine Free Herbal Tea - 20 Ct,N/A,N/A,$7.50,$0.38 Each,https://foodlandbalaklava.com.au//lines/celestial-tea-bengal-spice-20s
Foodland Balaklava,2025-05-04 23:57:08,Celestial Seasonings Sleepytime Herbal Tea 20 Tea Bags,29g,N/A,$7.50,$0.38 Each,https://foodlandbalaklava.com.au//lines/celestial-tea-sleepytime-20s
Foodland Balaklava,2025-05-04 23:57:08,Celestial Seasonings Sleepytime Vanilla Caffeine Free Herbal Tea - 20 Ct,N/A,N/A,$7.50,$0.38 Each,https://foodlandbalaklava.com.au//lines/celestial-tea-sleepy-van-20s
Foodland Balaklava,2025-05-04 23:57:08,Celsius Cosmic Vibe,330mL,was $4.20,$2.95,$8.94 per L,https://foodlandbalaklava.com.au//lines/celsius-sprk-cosmic-vibe-330ml
Foodland Balaklava,2025-05-04 23:57:08,Celsius Green Apple Cherry,330mL,was $4.20,$2.95,$8.94 per L,https://foodlandbalaklava.com.au//lines/celsius-sprk-grn-apl-chry330ml
Foodland Balaklava,2025-05-04 23:57:08,Celsius Kiwi Strawberry,330mL,was $4.20,$2.95,$8.94 per L,https://foodlandbalaklava.com.au//lines/celsius-sprk-kiwi-sbry-330ml
Foodland Balaklava,2025-05-04 23:57:09,Celsius Sunset Vibe Can,330mL,was $4.20,$2.95,$8.94 per L,https://foodlandbalaklava.com.au//lines/celsius-sprk-sunset-vibe-330ml
Foodland Balaklava,2025-05-04 23:57:09,Celsius Watermelon Lemonade,330mL,was $4.20,$2.95,$8.94 per L,https://foodlandbalaklava.com.au//lines/celsius-sprk-wmln-lemnad-330ml
Foodland Balaklava,2025-05-04 23:57:09,Cenovis Chewable Mega C Orange 1000mg 60 Tablets,N/A,N/A,$14.00,$23.33 Units100,https://foodlandbalaklava.com.au//lines/cenovis-mega-c-vit-1000mg-60s
Foodland Balaklava,2025-05-04 23:57:09,"Cenovis Chewable Triple Action Vit C, D & Zinc 60 Tablets",N/A,N/A,$18.90,$31.50 Units100,https://foodlandbalaklava.com.au//lines/cenovis-chew-vitc-d3-znc-60s
Foodland Balaklava,2025-05-04 23:57:09,Cenovis Easy Sleep Valerian 2000,N/A,N/A,$14.50,$48.33 Units100,https://foodlandbalaklava.com.au//lines/cenovis-easysleep-val200mg-30s
Foodland Balaklava,2025-05-04 23:57:09,"Cenovis Echinacea, Garlic, Zinc & C 60 Tablets",N/A,N/A,$19.50,$32.50 Units100,https://foodlandbalaklava.com.au//lines/cenovis-echin-grl-znc-c-60s
Foodland Balaklava,2025-05-04 23:57:09,"Cenovis Garlic, Horseradish + C Complex 120 Capsules",N/A,N/A,$20.50,$17.08 Units100,https://foodlandbalaklava.com.au//lines/cenovis-garl-h-radish-c-120s
Foodland Balaklava,2025-05-04 23:57:09,Cenovis Iron Plus 80 Tablets,N/A,N/A,$17.85,$22.31 Units100,https://foodlandbalaklava.com.au//lines/cenovis-iron-plus-5mg-80s
Foodland Balaklava,2025-05-04 23:57:09,Cenovis Mega B 100 Tablets,N/A,N/A,$22.05,$22.05 Units100,https://foodlandbalaklava.com.au//lines/cenovis-mega-b-vitamins-100s
Foodland Balaklava,2025-05-04 23:57:09,Cenovis Sugarless C 500mg 100 Chewable Tablets,N/A,N/A,$13.15,$13.15 Units100,https://foodlandbalaklava.com.au//lines/cenovis-vitamin-c-s-les-100s
Foodland Balaklava,2025-05-04 23:57:09,Cenovis Sugarless C 500mg 300 Chewable Tablets,N/A,was $24.90,$17.60,$5.87 Units100,https://foodlandbalaklava.com.au//lines/cenovis-vit-c-s-less-v-pk-300s
Foodland Balaklava,2025-05-04 23:57:09,Cenovis Vitamin C 250mg 150 Chewable Tablets,N/A,N/A,$14.70,$9.80 Units100,https://foodlandbalaklava.com.au//lines/cenovis-vit-c-250mg-150s
Foodland Balaklava,2025-05-04 23:57:09,Cenovis Women's Multi,N/A,N/A,$19.45,$38.90 Units100,https://foodlandbalaklava.com.au//lines/cenovis-multi-vits-wmns-50s
Foodland Balaklava,2025-05-04 23:57:09,Cenovis Women's Multi 100 Capsules,N/A,N/A,$31.50,$31.50 Units100,https://foodlandbalaklava.com.au//lines/cenovis-multivit-wmns-100s-1
Foodland Balaklava,2025-05-04 23:57:09,Cenovis Zinc Plus 150 Tablets,N/A,N/A,$16.80,$11.20 Units100,https://foodlandbalaklava.com.au//lines/cenovis-zinc-plus-25mg-150s
Foodland Balaklava,2025-05-04 23:57:09,Centrum Advance Adults 60 Film Coated Tablets,N/A,was $19.95,$15.60,$26.00 Units100,https://foodlandbalaklava.com.au//lines/centrum-advance-60s-1
Foodland Balaklava,2025-05-04 23:57:09,Centrum For Men 50+ 60 Tablets,N/A,N/A,$23.65,$39.42 Units100,https://foodlandbalaklava.com.au//lines/centrum-for-men-50-60s-1
Foodland Balaklava,2025-05-04 23:57:09,Centrum For Men 60 Film Coated Tablets,N/A,N/A,$23.65,$39.42 Units100,https://foodlandbalaklava.com.au//lines/centrum-for-men-60s-2
Foodland Balaklava,2025-05-04 23:57:09,Centrum For Women 50+ 60 Tablets,N/A,N/A,$23.65,$39.42 Units100,https://foodlandbalaklava.com.au//lines/centrum-for-women-50-60s-2
Foodland Balaklava,2025-05-04 23:57:09,Centrum For Women 60 Film Coated Tablets,N/A,N/A,$23.65,$39.42 Units100,https://foodlandbalaklava.com.au//lines/centrum-for-women-60s-1
Foodland Balaklava,2025-05-04 23:57:09,Ceres Organics Organic Bulgar Wheat,500g,N/A,$7.60,$1.52 per 100g,https://foodlandbalaklava.com.au//lines/ceres-org-bulghur-wheat-500g
Foodland Balaklava,2025-05-04 23:57:09,Ceres Organics Organic Hulled Tahini,300g,N/A,$9.30,$3.10 per 100g,https://foodlandbalaklava.com.au//lines/ceres-org-tahini-hlld-smth-300g
Foodland Balaklava,2025-05-04 23:57:09,Cetaphil Daily Facial Moisturiser,118mL,N/A,$24.00,$20.34 per 100mL,https://foodlandbalaklava.com.au//lines/cetaphil-moist-daily-fce-118ml
Foodland Balaklava,2025-05-04 23:57:09,Cetaphil Gentle Foaming Cleanser,236mL,N/A,$19.50,$8.26 per 100mL,https://foodlandbalaklava.com.au//lines/cetaphil-clnsr-gntl-foam-236ml
Foodland Balaklava,2025-05-04 23:57:09,"Cetaphil Oily Skin Cleanser , Oily And Combination Skin",500mL,N/A,$24.00,$4.80 per 100mL,https://foodlandbalaklava.com.au//lines/cetaphil-cleanser-oily-500ml
Foodland Balaklava,2025-05-04 23:57:09,Cg Butter Chicken Csce,375g,N/A,$4.00,$1.07 per 100g,https://foodlandbalaklava.com.au//lines/cg-butter-chicken-csce-375g
Foodland Balaklava,2025-05-04 23:57:09,Chandler Honey Pure Pail,1kg,N/A,$11.05,$1.10 per 100g,https://foodlandbalaklava.com.au//lines/chandler-honey-pure-pail-1kg
Foodland Balaklava,2025-05-04 23:57:09,Chandler Litter Cat Soft,7L,N/A,$10.65,$1.52 per L,https://foodlandbalaklava.com.au//lines/chandler-litter-cat-soft-7l
Foodland Balaklava,2025-05-04 23:57:09,Chandler Original Cat Litter,7L,N/A,$8.95,$1.28 per L,https://foodlandbalaklava.com.au//lines/chandler-litter-cat-orig-7l
Foodland Balaklava,2025-05-04 23:57:09,Chandler’​S Pure Honey Twist & Squeeze,375g,N/A,$4.95,$1.32 per 100g,https://foodlandbalaklava.com.au//lines/chandler-honey-twst-sqz-375gm
Foodland Balaklava,2025-05-04 23:57:09,Chang Sce Hoisin #​150ml,N/A,N/A,$3.00,$2.00 per 100g,https://foodlandbalaklava.com.au//lines/chang-sce-hoisin-150ml
Foodland Balaklava,2025-05-04 23:57:09,Chang's Long Life Noodles Original,250g,N/A,$1.85,$0.74 per 100g,https://foodlandbalaklava.com.au//lines/chang-noodles-long-life-250g
Foodland Balaklava,2025-05-04 23:57:09,Changs Wok Ready Gluten Free Noodle,200g,was $3.70,$2.80,$1.40 per 100g,https://foodlandbalaklava.com.au//lines/changs-ndl-wok-rdy-g-f-200gm
Foodland Balaklava,2025-05-04 23:57:09,Chapstick Conditioner Lip Balm,4.2g,was $4.75,$4.00,$100.00 per 100g,https://foodlandbalaklava.com.au//lines/chapstick-lip-cond-15-4-2gm-2
Foodland Balaklava,2025-05-04 23:57:09,Chapstick Strawberry Lip Balm Spf15,4.2g,was $4.75,$4.00,$100.00 per 100g,https://foodlandbalaklava.com.au//lines/chapstick-s-bry-spf-15-4-2gm
Foodland Balaklava,2025-05-04 23:57:09,Cheeky Brothers BBQ Chicken & Bacon Single Pizza,130g,N/A,$3.70,$2.85 per 100g,https://foodlandbalaklava.com.au//lines/cb-pizza-chic-bac-singl-130g
Foodland Balaklava,2025-05-04 23:57:09,Cheeky Brothers Meat Eater Single Pizza,130g,N/A,$3.70,$2.85 per 100g,https://foodlandbalaklava.com.au//lines/cb-pizza-meateater-singl-130g
Foodland Balaklava,2025-05-04 23:57:09,"Cheeky Brothers Pulled Chicken, Chilli & Lime Burritos",245g,N/A,$7.90,$3.22 per 100g,https://foodlandbalaklava.com.au//lines/cb-burr-pul-chic-chl-lme-245g
Foodland Balaklava,2025-05-04 23:57:09,Cheeky Brothers Steak & Cheddar Burrito,245g,N/A,$7.90,$3.22 per 100g,https://foodlandbalaklava.com.au//lines/cb-burr-steak-ched-chpt-245g
Foodland Balaklava,2025-05-04 23:57:09,Cheer Aussie Jack Burger Slices,250g,was $7.35,$6.00,$24.00 per kg,https://foodlandbalaklava.com.au//lines/cheer-chse-aus-jack-sl-rf250gm
Foodland Balaklava,2025-05-04 23:57:09,CHEER CHEESE LIGHT&​TASTY SLICED,500g,N/A,$11.00,$22.00 per kg,https://foodlandbalaklava.com.au//lines/cheer-chse-lte-tsty-slcd-500gm
Foodland Balaklava,2025-05-04 23:57:09,Cheer Chse Colby Slc,500g,N/A,$11.00,$22.00 per kg,https://foodlandbalaklava.com.au//lines/cheer-chse-colby-slcd-500gm
Foodland Balaklava,2025-05-04 23:57:09,Cheer Mozzarella Block,400g,N/A,$9.45,$23.62 per kg,https://foodlandbalaklava.com.au//lines/cheer-chse-mozz-blck-400gm
Foodland Balaklava,2025-05-04 23:57:09,Cheer Mozzarella Cheese Slices,250g,was $7.35,$6.00,$24.00 per kg,https://foodlandbalaklava.com.au//lines/cheer-chse-mozz-slc-rf-250gm
Foodland Balaklava,2025-05-04 23:57:09,Cheer Tasty Cheese Block,400g,N/A,$9.45,$23.62 per kg,https://foodlandbalaklava.com.au//lines/cheer-chse-tasty-blck-400gm
Foodland Balaklava,2025-05-04 23:57:09,Cheer Tasty Cheese Slices,250g,was $7.35,$6.00,$24.00 per kg,https://foodlandbalaklava.com.au//lines/cheer-chse-tasty-sli-rf-250gm
Foodland Balaklava,2025-05-04 23:57:09,Cheer Tasty Shredded Cheese,250g,was $8.60,$6.50,$26.00 per kg,https://foodlandbalaklava.com.au//lines/cheer-chse-tasty-shred-250gm
Foodland Balaklava,2025-05-04 23:57:09,Cheese Board Danish Fetta Rw,N/A,N/A,$30.70,$30.70 per kg,https://foodlandbalaklava.com.au//lines/chicken-schnitzel-pub
Foodland Balaklava,2025-05-04 23:57:10,Cheese Dutch Edam,N/A,N/A,$30.00,N/A,https://foodlandbalaklava.com.au//lines/cheese-dutch-edam-1
Foodland Balaklava,2025-05-04 23:57:10,Cheese Maasdam R/​W,N/A,N/A,$35.00,N/A,https://foodlandbalaklava.com.au//lines/cheese-maasdam-r-w-1
Foodland Balaklava,2025-05-04 23:57:10,Cheesecake Bkd Apr/​Almond,190g,N/A,$9.00,N/A,https://foodlandbalaklava.com.au//lines/cheesecake-bkd-apr-almond-190g
Foodland Balaklava,2025-05-04 23:57:10,Cheesecake Bkd Bl/​Bry Van,190g,N/A,$9.00,N/A,https://foodlandbalaklava.com.au//lines/cheesecake-bkd-bl-bry-van-190g
Foodland Balaklava,2025-05-04 23:57:10,Cheesecake Bkd Choc H/​Nut,190g,N/A,$9.00,N/A,https://foodlandbalaklava.com.au//lines/cheesecake-bkd-choc-h-nut-190g
Foodland Balaklava,2025-05-04 23:57:10,Cheesecake Bkd P/​Chio/​Hny,190g,N/A,$9.00,N/A,https://foodlandbalaklava.com.au//lines/cheesecake-bkd-p-chio-hny-190g
Foodland Balaklava,2025-05-04 23:57:10,Cheesecake Bkd Rasp Wh/​Choc,190g,N/A,$9.00,N/A,https://foodlandbalaklava.com.au//lines/cheesecake-bkd-rasp-wh-choc-190g
Foodland Balaklava,2025-05-04 23:57:10,Cheetos Cheese & Bacon Balls,90g,was $2.85,$2.35,$2.61 per 100g,https://foodlandbalaklava.com.au//lines/cheetos-cheese-bac-balls-90gm
Foodland Balaklava,2025-05-04 23:57:10,Cheetos Cheese And Bacon Balls 8 Pack,136g,was $6.30,$3.00,$2.21 per 100g,https://foodlandbalaklava.com.au//lines/cheetos-chse-bac-balls-8p136gm
Foodland Balaklava,2025-05-04 23:57:10,Cheetos Flamin' Hot Puffs Party Bag,150g,N/A,$4.00,$2.67 per 100g,https://foodlandbalaklava.com.au//lines/chee-tos-puffs-flamin-hot150gm
Foodland Balaklava,2025-05-04 23:57:10,Cheetos Puffs 8 Pack,96g,was $6.30,$3.00,$3.12 per 100g,https://foodlandbalaklava.com.au//lines/cheetos-puffs-8pk-96g
Foodland Balaklava,2025-05-04 23:57:10,Cheetos Puffs,80g,was $2.85,$2.35,$2.94 per 100g,https://foodlandbalaklava.com.au//lines/cheetos-puffs-80g
Foodland Balaklava,2025-05-04 23:57:10,Cheetos Puffs Share Pack Jalapeno Cheddar Crunch,250g,N/A,$4.00,$1.60 per 100g,https://foodlandbalaklava.com.au//lines/cheetos-ched-jalapen-crnch250g
Foodland Balaklava,2025-05-04 23:57:10,Chef's Choice Moghrabieh Couscous,500g,N/A,$4.79,$0.96 per 100g,https://foodlandbalaklava.com.au//lines/cc-moghrebieh-couscous-500gm
Foodland Balaklava,2025-05-04 23:57:10,Chef's Choice Pomegranate Molasses,250mL,N/A,$7.50,$3.00 per 100g,https://foodlandbalaklava.com.au//lines/c-choice-p-granate-molass-250ml
Foodland Balaklava,2025-05-04 23:57:10,Chef’​S Choice Celtic Seasalt,500g,N/A,$10.50,$2.10 per 100g,https://foodlandbalaklava.com.au//lines/cc-celtic-sea-salt-500g
Foodland Balaklava,2025-05-04 23:57:10,Chef’​S Choice Organic Cacao Powder,300g,N/A,$14.50,$4.83 per 100g,https://foodlandbalaklava.com.au//lines/cc-cacao-powder-raw-300g
Foodland Balaklava,2025-05-04 23:57:10,Chef’​S Garden Tartare Sauce,300g,was $3.49,$3.30,$1.10 per 100g,https://foodlandbalaklava.com.au//lines/chef-s-garden-tartare-sce-300g
Foodland Balaklava,2025-05-04 23:57:10,Cheif Hazelnut Brownie Collagen Bar,45g,N/A,$5.40,$12.00 per 100g,https://foodlandbalaklava.com.au//lines/chief-clgn-h-nut-brwne-bar-45g
Foodland Balaklava,2025-05-04 23:57:10,Chicken Crmy M/​Room Sce Per Kg,N/A,N/A,$28.50,N/A,https://foodlandbalaklava.com.au//lines/chicken-crmy-m-room-sce-per-kg
Foodland Balaklava,2025-05-04 23:57:10,Chicken Cut Into 1/​4's,N/A,N/A,$13.99,N/A,https://foodlandbalaklava.com.au//lines/chicken-1-4-roast-veg
Foodland Balaklava,2025-05-04 23:57:10,Chicken Filled Cow Hoof Each,N/A,N/A,$4.70,N/A,https://foodlandbalaklava.com.au//lines/chicken-filled-cow-hoof-each
Foodland Balaklava,2025-05-04 23:57:10,Chicken Leg Ham/​Chs P/​Apple,300g,N/A,$7.00,N/A,https://foodlandbalaklava.com.au//lines/chicken-leg-ham-chs-p-apple-300g-1
Foodland Balaklava,2025-05-04 23:57:10,Chicken Leg Tom Chs Bacon,300g,N/A,$7.00,N/A,https://foodlandbalaklava.com.au//lines/chicken-leg-tom-chs-bacon-300g-1
Foodland Balaklava,2025-05-04 23:57:10,Chicken Schnitzel Burger,N/A,N/A,$5.49,N/A,https://foodlandbalaklava.com.au//lines/chicken-schnitzel-burger-1
Foodland Balaklava,2025-05-04 23:57:10,Chicken Shaslicks,N/A,N/A,$3.50,N/A,https://foodlandbalaklava.com.au//lines/chicken-shaslicks-1
Foodland Balaklava,2025-05-04 23:57:10,Chicken Shredded Tandoori,N/A,was $31.00,$28.90,N/A,https://foodlandbalaklava.com.au//lines/chicken-shredded-tandoori-1
Foodland Balaklava,2025-05-04 23:57:10,Chicken Tonight Cacciatore,500g,N/A,$3.60,$0.72 per 100g,https://foodlandbalaklava.com.au//lines/tonight-chk-cacciatore-500gm-1
Foodland Balaklava,2025-05-04 23:57:10,Chicken Tonight Creamy Cheese And Bacon Flavour,490g,N/A,$3.60,$0.73 per 100g,https://foodlandbalaklava.com.au//lines/tonight-chk-crm-chs-bacon490gm-2
Foodland Balaklava,2025-05-04 23:57:10,Chicken Tonight Creamy Mushroom Simmer Sauce,475g,N/A,$3.60,$0.76 per 100g,https://foodlandbalaklava.com.au//lines/tonight-chk-crmy-mushroom475gm-1
Foodland Balaklava,2025-05-04 23:57:10,Chicken Tonight Mild Butter Chicken Simmer Sauce,495g,N/A,$3.60,$0.73 per 100g,https://foodlandbalaklava.com.au//lines/tonight-chk-ind-but-chkn-495gm-1
Foodland Balaklava,2025-05-04 23:57:10,Chicken Tonight Sweet & Sour Simmer Sauce,520g,N/A,$3.60,$0.69 per 100g,https://foodlandbalaklava.com.au//lines/tonight-chk-sweet-sour-520gm-1
Foodland Balaklava,2025-05-04 23:57:10,Chief Choc Peanut Collagen Protein Bar,45g,N/A,$5.25,$11.67 per 100g,https://foodlandbalaklava.com.au//lines/chief-bar-col-pro-pbtr-chc45gm
Foodland Balaklava,2025-05-04 23:57:10,Chief Clgn Cashew S/​Brd Bar,45g,N/A,$5.40,$12.00 per 100g,https://foodlandbalaklava.com.au//lines/chief-clgn-cashew-s-brd-bar-45g
Foodland Balaklava,2025-05-04 23:57:10,Chief Smoky BBQ Biltong,30g,N/A,$5.70,$14.25 per 100g,https://foodlandbalaklava.com.au//lines/chief-smoky-bbq-biltong-30g
Foodland Balaklava,2025-05-04 23:57:10,Childrens Bucket Hat,N/A,N/A,$8.00,N/A,https://foodlandbalaklava.com.au//lines/hat-childrens-bucket
Foodland Balaklava,2025-05-04 23:57:10,Childrens Party Balloons Asst,N/A,N/A,$5.25,N/A,https://foodlandbalaklava.com.au//lines/childrens-party-balloons-asst
Foodland Balaklava,2025-05-04 23:57:10,Childs Farm B/​Wsh Sby&​Mnt250ml,N/A,was $10.50,$8.00,$3.20 per 100mL,https://foodlandbalaklava.com.au//lines/childs-farm-b-wsh-sby-mnt250ml
Foodland Balaklava,2025-05-04 23:57:10,Chilli Birds Eye,20g,N/A,$5.10,$255.00 per kg,https://foodlandbalaklava.com.au//lines/chilli-habanero-35gm-1
Foodland Balaklava,2025-05-04 23:57:10,Chobani Greek Yogurt Raspberry,160g,N/A,$2.70,$1.69 per 100g,https://foodlandbalaklava.com.au//lines/ch-yogurt-raspberry-160g
Foodland Balaklava,2025-05-04 23:57:10,Chobani Greek Yogurt Strawberry,160g,N/A,$2.70,$1.69 per 100g,https://foodlandbalaklava.com.au//lines/ch-yogurt-strawberry-160g
Foodland Balaklava,2025-05-04 23:57:10,Chocolate Cake Bar,370g,N/A,$5.55,$1.50 per 100g,https://foodlandbalaklava.com.au//lines/your-bakery-cke-choc-bar-370gm
Foodland Balaklava,2025-05-04 23:57:10,Chris Dip Trad Chse&​Chiv,200g,was $4.75,$4.50,$2.25 per 100g,https://foodlandbalaklava.com.au//lines/chris-dip-trad-chse-chiv-200gm
Foodland Balaklava,2025-05-04 23:57:10,Chris’ Homestyle Hommus Plus Caramalised Onion,200g,was $4.00,$3.00,$1.50 per 100g,https://foodlandbalaklava.com.au//lines/chris-dip-hommus-car-on-200gm
Foodland Balaklava,2025-05-04 23:57:10,Chrystal Fresh Cheese Board Selection,240g,N/A,$13.65,$56.88 per kg,https://foodlandbalaklava.com.au//lines/chrystal-f-chse-brd-selc-240g
Foodland Balaklava,2025-05-04 23:57:10,Chum Adult Dog Food With Beef & Kidney Can,1.2kg,N/A,$3.60,$0.30 per 100g,https://foodlandbalaklava.com.au//lines/chum-beef-kidney-1-2kg
Foodland Balaklava,2025-05-04 23:57:10,"Chum Beef, Bone And Vegetables Flavour",3kg,N/A,$14.50,$0.48 per 100g,https://foodlandbalaklava.com.au//lines/chum-crunchy-beef-bone-veg-3kg
Foodland Balaklava,2025-05-04 23:57:10,"Chum Beef, Bone And Vegetables Flavour",8kg,N/A,$29.20,$0.36 per 100g,https://foodlandbalaklava.com.au//lines/chum-crunchy-beef-bone-veg-8kg
Foodland Balaklava,2025-05-04 23:57:11,"Chum Chicken, Beef And Vegetables Flavour",3kg,N/A,$14.50,$0.48 per 100g,https://foodlandbalaklava.com.au//lines/chum-crunchy-chik-beef-veg-3kg
Foodland Balaklava,2025-05-04 23:57:11,"Chum Chicken, Beef And Vegetables Flavour",8kg,N/A,$29.20,$0.36 per 100g,https://foodlandbalaklava.com.au//lines/chum-crunchy-chik-beef-veg-8kg
Foodland Balaklava,2025-05-04 23:57:11,Chupa Chup Incrdb Chw Bag750gm,N/A,was $16.30,$14.00,$1.87 per 100g,https://foodlandbalaklava.com.au//lines/chupa-chup-incrdb-chw-bag750gm
Foodland Balaklava,2025-05-04 23:57:11,Chupa Chup Sour Bite,20g,N/A,$1.20,$6.00 per 100g,https://foodlandbalaklava.com.au//lines/chupa-chup-sour-bite-20g
Foodland Balaklava,2025-05-04 23:57:11,Chupa Chup Sour Bites,200g,was $6.50,$5.25,$2.62 per 100g,https://foodlandbalaklava.com.au//lines/chupa-chup-sour-bite-s-pk200gm
Foodland Balaklava,2025-05-04 23:57:11,Chupa Chups 3d Fizzy Drink Lolly,15g,N/A,$1.05,$7.00 per 100g,https://foodlandbalaklava.com.au//lines/chupa-chup-3d-fizzy-drink-15gm
Foodland Balaklava,2025-05-04 23:57:11,Chupa Chups Best Of Mini Paper Tube 50 Lollipops,300g,was $8.30,$6.90,$2.30 per 100g,https://foodlandbalaklava.com.au//lines/chupa-chup-best-mini-tbe50x6gm
Foodland Balaklava,2025-05-04 23:57:11,Chupa Chups Incredible Chew Share Bag 50 Piece,175g,was $4.45,$3.50,$2.00 per 100g,https://foodlandbalaklava.com.au//lines/chupa-chups-incrdbl-chews-175g
Foodland Balaklava,2025-05-04 23:57:11,Chupa Chups Incredible Chew Sticks Apple,45g,N/A,$1.60,$3.56 per 100g,https://foodlandbalaklava.com.au//lines/chupa-chups-chew-grn-appl-45gm
Foodland Balaklava,2025-05-04 23:57:11,Chupa Chups Incredible Chews Confectionary Cola,45g,N/A,$1.60,$3.56 per 100g,https://foodlandbalaklava.com.au//lines/chupa-chup-incrdb-chw-cola45gm
Foodland Balaklava,2025-05-04 23:57:11,Chupa Chups Incredible Chews Confectionary Strawberry,45g,N/A,$1.60,$3.56 per 100g,https://foodlandbalaklava.com.au//lines/chupa-chup-incrdb-chw-sbry45gm
Foodland Balaklava,2025-05-04 23:57:11,Chupa Chups Incredible Chews Grape,45g,N/A,$1.60,$3.56 per 100g,https://foodlandbalaklava.com.au//lines/chupa-chup-incrdb-chw-grpe45gm
Foodland Balaklava,2025-05-04 23:57:11,Chupa Chups Melody Pops Strawberry Lollipop,15g,N/A,$0.85,$5.67 per 100g,https://foodlandbalaklava.com.au//lines/chupa-chup-mel-pop-strbry-15gm
Foodland Balaklava,2025-05-04 23:57:11,Chupa Chups The Best Of Lollipops Share Bag 8piece,96g,N/A,$2.90,$3.02 per 100g,https://foodlandbalaklava.com.au//lines/chupa-chup-best-of-bag-bun96gm
Foodland Balaklava,2025-05-04 23:57:11,Chupa Chups The Best Of Lollipops Single,12g,N/A,$0.70,$5.83 per 100g,https://foodlandbalaklava.com.au//lines/chupa-chups-orig-21752-12gm
Foodland Balaklava,2025-05-04 23:57:11,Chupa Chups Xxl Lollipops,29g,N/A,$1.25,$4.31 per 100g,https://foodlandbalaklava.com.au//lines/chupa-chup-xxl-trio-29gm
Foodland Balaklava,2025-05-04 23:57:11,"Chux Collection Multi Purpose Absorbent Cloth, Non Scratch And Reusable, Lime, 2 Count 2pk",N/A,N/A,$3.40,$1.70 Each,https://foodlandbalaklava.com.au//lines/chux-cloth-absrb-all-purpose2p
Foodland Balaklava,2025-05-04 23:57:11,Chux Dish Scrubber,N/A,N/A,$5.80,N/A,https://foodlandbalaklava.com.au//lines/chux-dish-scrubber-1pk
Foodland Balaklava,2025-05-04 23:57:11,Chux Kitchen Wonder Cloth 3 Pack 3pk,N/A,N/A,$6.30,$2.10 Each,https://foodlandbalaklava.com.au//lines/chux-wonder-cloth-kitchen-3s
Foodland Balaklava,2025-05-04 23:57:11,Chux Magic Eraser Bathroom 2pk 2pk,N/A,N/A,$6.40,$3.20 Each,https://foodlandbalaklava.com.au//lines/chux-magic-eraser-b-room-2pk
Foodland Balaklava,2025-05-04 23:57:11,Chux Magic Eraser Kitchen 2pk 2pk,N/A,was $6.40,$4.65,$2.32 Each,https://foodlandbalaklava.com.au//lines/chux-magic-eraser-big-block-2s
Foodland Balaklava,2025-05-04 23:57:11,Chux Magic Eraser Spot Cleaner 8pk 8pk,N/A,was $4.90,$3.30,$0.41 Each,https://foodlandbalaklava.com.au//lines/chux-magic-eraser-8s
Foodland Balaklava,2025-05-04 23:57:11,Chux Non-Scratch Silver Scourer 1 Pack,N/A,N/A,$2.34,N/A,https://foodlandbalaklava.com.au//lines/chux-scourer-nonscratch-slvr1s
Foodland Balaklava,2025-05-04 23:57:11,Chux® Dishwand Non-Scratch Handle 1 Pack 1pk,N/A,was $5.35,$4.50,N/A,https://foodlandbalaklava.com.au//lines/chux-dishwand-1pk
Foodland Balaklava,2025-05-04 23:57:11,Chux® Heavy Duty Scourer + Foam Sponge 3 Pack 3pk,N/A,N/A,$3.70,$1.23 Each,https://foodlandbalaklava.com.au//lines/chux-h-duty-foam-scourer-3pk
Foodland Balaklava,2025-05-04 23:57:11,Chux® Heavy Duty Scourer + Super Absorbent Sponge 1 Pack 1pk,N/A,N/A,$3.15,N/A,https://foodlandbalaklava.com.au//lines/chux-scourer-spnge-h-duty-1s
Foodland Balaklava,2025-05-04 23:57:11,Chux® Non-Scratch Scourer + Foam Sponge 3 Pack 3pk,N/A,N/A,$3.70,$1.23 Each,https://foodlandbalaklava.com.au//lines/chux-scrub-ktchn-n-scratch-3pk
Foodland Balaklava,2025-05-04 23:57:11,Chux® Non-Scratch Scourer + Super Absorbent Sponge 1 Pack 1pk,N/A,N/A,$3.15,N/A,https://foodlandbalaklava.com.au//lines/chux-scourer-spnge-noscratch1s
Foodland Balaklava,2025-05-04 23:57:11,Chux® Non-Scratch Scourer + Super Absorbent Sponge 2 Pack 2pk,N/A,was $5.10,$4.10,$2.05 Each,https://foodlandbalaklava.com.au//lines/chux-scourer-spnge-a-purpose2s
Foodland Balaklava,2025-05-04 23:57:11,Chux® Robust Superwipes® 3 Pack 3pk,N/A,N/A,$5.00,$1.67 Each,https://foodlandbalaklava.com.au//lines/chux-clth-robuste-3s
Foodland Balaklava,2025-05-04 23:57:11,Citro Clean M/​P Cleaner #​500ml,N/A,N/A,$10.25,$2.05 per 100mL,https://foodlandbalaklava.com.au//lines/citro-clean-m-p-cleaner-500ml
Foodland Balaklava,2025-05-04 23:57:11,Ck Horse Standing Brown 30cmtoy,N/A,N/A,$24.99,N/A,https://foodlandbalaklava.com.au//lines/ck-horse-standing-brown-30cmtoy
Foodland Balaklava,2025-05-04 23:57:11,Ck Koala 20cm,N/A,N/A,$17.99,N/A,https://foodlandbalaklava.com.au//lines/ck-koala-20cm-1
Foodland Balaklava,2025-05-04 23:57:11,Ck Kookaburra With Noise 20cm,N/A,N/A,$17.99,N/A,https://foodlandbalaklava.com.au//lines/ck-kookaburra-with-noise-20cm-1
Foodland Balaklava,2025-05-04 23:57:11,Ck Lion Baby 30cm,N/A,N/A,$24.99,N/A,https://foodlandbalaklava.com.au//lines/ck-lion-baby-30cm-1
Foodland Balaklava,2025-05-04 23:57:11,Ck Meerkat Plush 30cm,N/A,N/A,$24.99,N/A,https://foodlandbalaklava.com.au//lines/ck-meerkat-plush-30cm-1
Foodland Balaklava,2025-05-04 23:57:11,Ck Mini Alligator,N/A,N/A,$17.99,N/A,https://foodlandbalaklava.com.au//lines/ck-mini-alligator-1
Foodland Balaklava,2025-05-04 23:57:11,Ck Mini Baby Fawn 20cm,N/A,N/A,$17.99,N/A,https://foodlandbalaklava.com.au//lines/ck-mini-baby-fawn-20cm-1
Foodland Balaklava,2025-05-04 23:57:11,Ck Mini Bat Little Brown 20cm,N/A,N/A,$17.99,N/A,https://foodlandbalaklava.com.au//lines/ck-mini-bat-little-brown-20cm-1
Foodland Balaklava,2025-05-04 23:57:11,Ck Mini Fennec Fox 20cm,N/A,N/A,$17.99,N/A,https://foodlandbalaklava.com.au//lines/ck-mini-fennec-fox-20cm-1
Foodland Balaklava,2025-05-04 23:57:11,Ck Mini Giraffe Baby 20cm,N/A,N/A,$17.99,N/A,https://foodlandbalaklava.com.au//lines/ck-mini-giraffe-baby-20cm
Foodland Balaklava,2025-05-04 23:57:11,Ck Mini Hedgehog 20cm,N/A,N/A,$17.99,N/A,https://foodlandbalaklava.com.au//lines/ck-mini-hedgehog-20cm-1
Foodland Balaklava,2025-05-04 23:57:11,Ck Mini Kangaroo 20cm,N/A,N/A,$11.99,N/A,https://foodlandbalaklava.com.au//lines/ck-mini-kangaroo-20cm-1
Foodland Balaklava,2025-05-04 23:57:11,Ck Polar Bear 20cm,N/A,N/A,$17.99,N/A,https://foodlandbalaklava.com.au//lines/ck-polar-bear-20cm-1
Foodland Balaklava,2025-05-04 23:57:11,Ck Rabbit 30cm,N/A,N/A,$24.99,N/A,https://foodlandbalaklava.com.au//lines/ck-rabbit-30cm-1
Foodland Balaklava,2025-05-04 23:57:11,Ck Sea Horse Dad With Babies 20cm,N/A,N/A,$17.99,N/A,https://foodlandbalaklava.com.au//lines/ck-sea-horse-dad-with-babies-20cm-1
Foodland Balaklava,2025-05-04 23:57:11,Ck Three Toed Sloth Plush 30cm,N/A,N/A,$24.99,N/A,https://foodlandbalaklava.com.au//lines/ck-three-toed-sloth-plush-30cm-1
Foodland Balaklava,2025-05-04 23:57:11,Ck Tiger Cub 30cm,N/A,N/A,$24.99,N/A,https://foodlandbalaklava.com.au//lines/ck-tiger-cub-30cm-1
Foodland Balaklava,2025-05-04 23:57:12,Ck Tiger Cub White 30cm,N/A,N/A,$24.99,N/A,https://foodlandbalaklava.com.au//lines/ck-tiger-cub-white-30cm-1
Foodland Balaklava,2025-05-04 23:57:12,Clairol Nice 'N Easy 2 Natural Black Permanent Hair Colour,173g,was $16.80,$11.00,N/A,https://foodlandbalaklava.com.au//lines/clairol-n-easy-nat-black-1s
Foodland Balaklava,2025-05-04 23:57:12,Clairol Nice 'N Easy 3.​5 Natural Darkest Brown Permanent Hair Colour,173g,was $16.80,$11.00,N/A,https://foodlandbalaklava.com.au//lines/clairol-n-easy-nat-drk-brwn-1s
Foodland Balaklava,2025-05-04 23:57:12,Clairol Nice 'N Easy 4 Natural Dark Brown Permanent Hair Colour,173g,was $16.80,$11.00,N/A,https://foodlandbalaklava.com.au//lines/clairol-n-easy-nat-drk-brn-1s
Foodland Balaklava,2025-05-04 23:57:12,Clairol Nice 'N Easy 4.​5rb Natural Redish Brown Permanent Hair Colour,173g,was $16.80,$11.00,N/A,https://foodlandbalaklava.com.au//lines/clairol-n-easy-nat-red-brn-1s
Foodland Balaklava,2025-05-04 23:57:12,Clairol Nice 'N Easy 5 Natural Medium Brown Permanent Hair Colour,173g,was $16.80,$11.00,N/A,https://foodlandbalaklava.com.au//lines/clairol-n-easy-nat-med-brwn-1s
Foodland Balaklava,2025-05-04 23:57:12,Clairol Nice 'N Easy Natural Medium Golden Brown Permanent Hair Colour 173g,5g,was $16.80,$11.00,N/A,https://foodlandbalaklava.com.au//lines/clairol-n-easy-med-gld-brn-1s
Foodland Balaklava,2025-05-04 23:57:12,Clairol Nice 'N Easy 5rb Natural Medium Chestnut Brown Permanent Hair Colour,173g,was $16.80,$11.00,N/A,https://foodlandbalaklava.com.au//lines/clairol-n-easy-med-chst-brn-1s
Foodland Balaklava,2025-05-04 23:57:12,Clairol Nice 'N Easy 6 Natural Light Brown Permanent Hair Colour,173g,was $16.80,$11.00,N/A,https://foodlandbalaklava.com.au//lines/clairol-n-easy-nat-lgt-brwn-1s
Foodland Balaklava,2025-05-04 23:57:12,Clairol Nice 'N Easy 6a Natural Light Ash Brown Permanent Hair Colour,173g,was $16.80,$11.00,N/A,https://foodlandbalaklava.com.au//lines/clairol-n-easy-lght-ash-brn-1s
Foodland Balaklava,2025-05-04 23:57:12,Clairol Nice 'N Easy 6rb Natural Light Chestnut Brown Permanent Hair Colour,173g,was $16.80,$11.00,N/A,https://foodlandbalaklava.com.au//lines/clairol-n-easy-lgt-chst-brn-1s
Foodland Balaklava,2025-05-04 23:57:12,Clairol Nice 'N Easy 7 Natural Dark Blonde Permanent Hair Colour,173g,was $16.80,$11.00,N/A,https://foodlandbalaklava.com.au//lines/clairol-n-easy-nat-drk-bld-1s
Foodland Balaklava,2025-05-04 23:57:12,Clairol Nice 'N Easy 9a Natural Light Ash Blonde Permanent Hair Colour,173g,was $16.80,$11.00,N/A,https://foodlandbalaklava.com.au//lines/clairol-n-easy-lght-ash-bld-1s
Foodland Balaklava,2025-05-04 23:57:12,Clairol Nice 'N Easy 9b Natural Light Beige Blonde Permanent Hair Colour,173g,was $16.80,$11.00,N/A,https://foodlandbalaklava.com.au//lines/clairol-n-easy-lght-bge-bld-1s
Foodland Balaklava,2025-05-04 23:57:12,Claratyne Allergy Hayfever Relief Antihistamine Tablets 10 Pack,N/A,was $15.45,$13.00,$1.30 Each,https://foodlandbalaklava.com.au//lines/claratyne-loratadine-tabs-10s
Foodland Balaklava,2025-05-04 23:57:12,Claratyne Allergy Hayfever Relief Antihistamine Tablets 5 Pack,N/A,N/A,$8.95,$1.79 Each,https://foodlandbalaklava.com.au//lines/claratyne-loratadine-10mg-5s
Foodland Balaklava,2025-05-04 23:57:12,Classique Laundry Basket,45L,N/A,$16.00,N/A,https://foodlandbalaklava.com.au//lines/classique-laundry-basket-44l
Foodland Balaklava,2025-05-04 23:57:12,Cleanlife Bathroom Disinfectant Wipes,N/A,N/A,$6.30,$0.25 Each,https://foodlandbalaklava.com.au//lines/cleanlife-wipes-bathroom-25pk
Foodland Balaklava,2025-05-04 23:57:12,Cleanlife Floor Wipes,N/A,N/A,$8.40,$0.34 Each,https://foodlandbalaklava.com.au//lines/cleanlife-wipes-floor-25pk
Foodland Balaklava,2025-05-04 23:57:12,Cleanlife Toosh Clean 80 Wipes,N/A,N/A,$7.35,$0.09 Each,https://foodlandbalaklava.com.au//lines/cleanlife-wipes-flushable-80pk
Foodland Balaklava,2025-05-04 23:57:12,"Clearblue Pregnancy Test, Rapid Detection, 1",N/A,N/A,$10.00,N/A,https://foodlandbalaklava.com.au//lines/clearblue-preg-test-visual-1s
Foodland Balaklava,2025-05-04 23:57:12,Clio Knee Hi Comfort Band Blck,N/A,N/A,$4.20,N/A,https://foodlandbalaklava.com.au//lines/clio-knee-hi-comfort-band-blck
Foodland Balaklava,2025-05-04 23:57:12,Clipstrip Balloon Ball Buddies,N/A,N/A,$4.62,N/A,https://foodlandbalaklava.com.au//lines/korbonbdalloon-ball-buddiesc-s
Foodland Balaklava,2025-05-04 23:57:12,Clive Of India Curry Hot Madras,50g,N/A,$2.95,$5.90 per 100g,https://foodlandbalaklava.com.au//lines/c-india-curry-hot-madras-50gm
Foodland Balaklava,2025-05-04 23:57:12,Clive Of India Curry Powder,50g,N/A,$2.95,$5.90 per 100g,https://foodlandbalaklava.com.au//lines/c-india-curry-powder-50gm
Foodland Balaklava,2025-05-04 23:57:12,Clr Bathroom & Kitchen Action Cleaner,750mL,was $16.99,$15.95,$2.13 per 100mL,https://foodlandbalaklava.com.au//lines/clr-bathroom-kitchen-750ml
Foodland Balaklava,2025-05-04 23:57:12,Club Special Kings Court Playing Cards,N/A,N/A,$2.10,N/A,https://foodlandbalaklava.com.au//lines/cards-playing-kings-court
Foodland Balaklava,2025-05-04 23:57:12,Cobbler Co Black Laces,N/A,N/A,$2.45,N/A,https://foodlandbalaklava.com.au//lines/cobbler-co-lace-black-1pk
Foodland Balaklava,2025-05-04 23:57:12,Cobbler Co Brown/​Black Boot Laces,N/A,N/A,$3.40,N/A,https://foodlandbalaklava.com.au//lines/cobbler-co-lace-boot-bwn-blk1s
Foodland Balaklava,2025-05-04 23:57:12,Cobbler Co Brush Buffing 1pk,N/A,N/A,$9.55,N/A,https://foodlandbalaklava.com.au//lines/cobbler-co-brush-buffing-1pk
Foodland Balaklava,2025-05-04 23:57:12,Cobbler Co Dark Tan Shoe Polish,38g,N/A,$4.75,$12.50 per 100g,https://foodlandbalaklava.com.au//lines/cobbler-co-polish-tan-drk-38gm
Foodland Balaklava,2025-05-04 23:57:12,Cobbler Co Mid Tan Shoe Polish,38g,N/A,$4.75,$12.50 per 100g,https://foodlandbalaklava.com.au//lines/cobbler-co-polish-tan-mid-38gm
Foodland Balaklava,2025-05-04 23:57:12,Cobbler Co White Boot Laces,N/A,N/A,$3.40,N/A,https://foodlandbalaklava.com.au//lines/cobbler-co-lace-boot-ath-wh1pk
Foodland Balaklava,2025-05-04 23:57:12,Cobram Estate Extra Virgin Olive Oil With Garlic Oil,250mL,N/A,$9.90,$3.96 per 100mL,https://foodlandbalaklava.com.au//lines/cobram-olv-oil-garlic-250ml
Foodland Balaklava,2025-05-04 23:57:12,Cobram Estate Garlic & Onion Extra Virgin Olive Oil,500mL,N/A,$20.50,$4.10 per 100mL,https://foodlandbalaklava.com.au//lines/cobram-o-oil-x-virg-gar-o500ml
Foodland Balaklava,2025-05-04 23:57:12,Cobram Estate Garlic Infused Olive Oil Spray,225g,N/A,$10.00,$4.44 per 100g,https://foodlandbalaklava.com.au//lines/cobram-o-oil-x-v-spry-garl225g
Foodland Balaklava,2025-05-04 23:57:12,Cobram Estate Light & Delicate Extra Virgin Olive Oil,N/A,N/A,$65.00,$2.17 per 100mL,https://foodlandbalaklava.com.au//lines/cobram-evoo-light-3lt
Foodland Balaklava,2025-05-04 23:57:12,Cobram Estate Robust Extra Virgin Olive Oil,750mL,N/A,$25.00,$3.33 per 100mL,https://foodlandbalaklava.com.au//lines/cobram-o-oil-x-virgin-750m
Foodland Balaklava,2025-05-04 23:57:12,Cobram O/​Oil X/​Virg Clas,250mL,N/A,$9.90,$3.96 per 100mL,https://foodlandbalaklava.com.au//lines/cobram-olv-oil-classic-250ml
Foodland Balaklava,2025-05-04 23:57:12,Cobs Popcorn Ched Chse,100g,N/A,$3.70,$3.70 per 100g,https://foodlandbalaklava.com.au//lines/cobs-cheddar-popcorn-100g
Foodland Balaklava,2025-05-04 23:57:12,Cobs Popcorn Saltd&​Sweet,120g,N/A,$3.70,$3.08 per 100g,https://foodlandbalaklava.com.au//lines/cobs-sweet-salty-popcorn-120g
Foodland Balaklava,2025-05-04 23:57:12,Coca Cola,300mL,N/A,$2.00,N/A,https://foodlandbalaklava.com.au//lines/coca-cola-300ml
Foodland Balaklava,2025-05-04 23:57:12,Coca-Cola Classic Soft Drink Bottle,1L,N/A,$5.05,$5.05 per L,https://foodlandbalaklava.com.au//lines/coca-cola-pet-1l
Foodland Balaklava,2025-05-04 23:57:12,Coca-Cola Classic Soft Drink Bottle,600mL,N/A,$4.45,$7.42 per L,https://foodlandbalaklava.com.au//lines/coca-cola-600ml
Foodland Balaklava,2025-05-04 23:57:12,Coca-Cola Classic Soft Drink Can,375mL,N/A,$3.00,$8.00 per L,https://foodlandbalaklava.com.au//lines/coca-cola-s-c-375ml
Foodland Balaklava,2025-05-04 23:57:12,Coca-Cola Classic Soft Drink Mini Can,250mL,N/A,$2.80,$11.20 per L,https://foodlandbalaklava.com.au//lines/coca-cola-can-250ml
Foodland Balaklava,2025-05-04 23:57:12,Coca-Cola Classic Soft Drink Multipack Glass Bottles,4 x 330mL,was $10.10,$8.80,$6.67 per L,https://foodlandbalaklava.com.au//lines/coca-cola-glass-4x330ml
Foodland Balaklava,2025-05-04 23:57:12,Coca-Cola Classic Soft Drink Multipack Mini Cans,6 x 250mL,was $10.50,$6.70,$4.47 per L,https://foodlandbalaklava.com.au//lines/coca-cola-can-6x250ml
Foodland Balaklava,2025-05-04 23:57:13,Coca-Cola Light/​Diet Coke Diet Coca-Cola Soft Drink Bottle,600mL,N/A,$4.45,$7.42 per L,https://foodlandbalaklava.com.au//lines/diet-coke-600ml
Foodland Balaklava,2025-05-04 23:57:13,Coca-Cola Light/​Diet Coke Diet Coca-Cola Soft Drink Multipack Mini Cans,6 x 250mL,was $10.50,$6.70,$4.47 per L,https://foodlandbalaklava.com.au//lines/coca-cola-diet-can-6x250ml
Foodland Balaklava,2025-05-04 23:57:13,Coca-Cola Vanilla Can,24 x 375mL,N/A,$41.25,$4.58 per L,https://foodlandbalaklava.com.au//lines/coca-cola-vanilla-24x375ml
Foodland Balaklava,2025-05-04 23:57:13,Coca-Cola Vanilla Soft Drink Bottle,600mL,N/A,$4.45,$7.42 per L,https://foodlandbalaklava.com.au//lines/vanilla-coke-600ml
Foodland Balaklava,2025-05-04 23:57:13,Coca-Cola Vanilla Soft Drink Can,250mL,N/A,$2.80,$11.20 per L,https://foodlandbalaklava.com.au//lines/coca-cola-vanilla-can-250ml
Foodland Balaklava,2025-05-04 23:57:13,Coca-Cola Vanilla Soft Drink Multipack Mini Cans,6 x 250mL,was $10.50,$6.70,$4.47 per L,https://foodlandbalaklava.com.au//lines/coca-cola-vanilla-can-6x250ml
Foodland Balaklava,2025-05-04 23:57:13,Coca-Cola Zero Coca-Cola Vanilla Zero Sugar Soft Drink Bottle,600mL,N/A,$4.45,$7.42 per L,https://foodlandbalaklava.com.au//lines/coca-cola-zero-sugar-van-600ml
Foodland Balaklava,2025-05-04 23:57:13,Coca-Cola Zero Sugar Caffeine Free Multipack Bottles,24 x 600mL,N/A,$4.45,$7.42 per L,https://foodlandbalaklava.com.au//lines/cola-zero-sugar-caffeine-600ml
Foodland Balaklava,2025-05-04 23:57:13,Coca-Cola Zero Sugar Caffeine Free Pet,1.25L,was $4.00,$2.40,$1.92 per L,https://foodlandbalaklava.com.au//lines/coca-cola-n-sug-n-caff-1-25l
Foodland Balaklava,2025-05-04 23:57:13,Coca-Cola Zero Sugar Lime Soft Drink Bottle,1.25L,was $4.00,$2.40,$1.92 per L,https://foodlandbalaklava.com.au//lines/coca-cola-zero-lime-1-25l
Foodland Balaklava,2025-05-04 23:57:13,Coca-Cola Zero Sugar Soft Drink Bottle,1L,N/A,$5.05,$5.05 per L,https://foodlandbalaklava.com.au//lines/coca-cola-n-sug-pet-1l
Foodland Balaklava,2025-05-04 23:57:13,Coca-Cola Zero Sugar Soft Drink Bottle,600mL,N/A,$4.45,$7.42 per L,https://foodlandbalaklava.com.au//lines/coca-cola-n-sug-600ml
Foodland Balaklava,2025-05-04 23:57:13,Coca-Cola Zero Sugar Soft Drink Can,375mL,N/A,$3.00,$8.00 per L,https://foodlandbalaklava.com.au//lines/coca-cola-no-sugar-375ml
Foodland Balaklava,2025-05-04 23:57:13,Coca-Cola Zero Sugar Soft Drink Mini Can,250mL,N/A,$2.80,$11.20 per L,https://foodlandbalaklava.com.au//lines/coca-cola-n-sug-can-250ml
Foodland Balaklava,2025-05-04 23:57:13,Coca-Cola Zero Sugar Soft Drink Multipack Glass Bottles,4 x 330mL,was $10.10,$8.80,$6.67 per L,https://foodlandbalaklava.com.au//lines/coca-cola-n-sug-glass-4x330ml
Foodland Balaklava,2025-05-04 23:57:13,Coco Earth Chee Grass Fed Butter,250mL,was $6.40,$3.40,$1.36 per 100mL,https://foodlandbalaklava.com.au//lines/coco-earth-ghee-btr-g-fed250ml
Foodland Balaklava,2025-05-04 23:57:13,Coco Earth Liquid Coconut Oil,250mL,N/A,$10.00,$4.00 per 100mL,https://foodlandbalaklava.com.au//lines/coco-earth-oil-liq-c-nut-250ml
Foodland Balaklava,2025-05-04 23:57:13,Coco Soul Organic Coconut Milk,1250mL,N/A,$9.20,$7.36 per L,https://foodlandbalaklava.com.au//lines/cocosoul-c-nut-milk-org-1-25l
Foodland Balaklava,2025-05-04 23:57:13,Cocobella Coconut Wtr Str/​Up,1L,N/A,$5.80,$5.80 per L,https://foodlandbalaklava.com.au//lines/c-bella-ccnut-wtr-str-up-1l
Foodland Balaklava,2025-05-04 23:57:13,Cocobella Mango Yoghurt,150g,N/A,$2.50,N/A,https://foodlandbalaklava.com.au//lines/cocobella-mango-150g
Foodland Balaklava,2025-05-04 23:57:13,Cocobella Raspberry Hydrate,500mL,N/A,$3.90,$0.78 per 100mL,https://foodlandbalaklava.com.au//lines/cocobella-hydrate-rasp-500ml
Foodland Balaklava,2025-05-04 23:57:13,Cocobella Tropical Hydrate,500mL,N/A,$3.90,$0.78 per 100mL,https://foodlandbalaklava.com.au//lines/cocobella-hydrate-trop-500ml
Foodland Balaklava,2025-05-04 23:57:13,Cocobella Vanila Yoghurt,500g,N/A,$5.99,$1.20 per 100g,https://foodlandbalaklava.com.au//lines/cocobella-d-f-coconut-yog-vanilla-500g
Foodland Balaklava,2025-05-04 23:57:13,Cocosoul Organic Sparkling Coconut Water,355mL,N/A,$2.25,$0.63 per 100mL,https://foodlandbalaklava.com.au//lines/cocosoul-c-nut-sprkl-wtr-org-450ml
Foodland Balaklava,2025-05-04 23:57:13,Cod Smoked Fillets,N/A,N/A,$19.99,N/A,https://foodlandbalaklava.com.au//lines/cod-smoked-fillets-1
Foodland Balaklava,2025-05-04 23:57:13,Codral Cold & Flu + Mucus Cough Capsules 16 Pack,N/A,was $17.35,$14.80,$0.92 Each,https://foodlandbalaklava.com.au//lines/codral-relief-6-signs-caps-16s
Foodland Balaklava,2025-05-04 23:57:13,Codral Cold & Flu Decongestant Tablets 16s,N/A,was $14.10,$12.00,$0.75 Each,https://foodlandbalaklava.com.au//lines/codral-relief-cld-fl-decon-16s
Foodland Balaklava,2025-05-04 23:57:13,Codral Cold & Flu Tablets 10 Pack,N/A,was $10.00,$8.50,$0.85 Each,https://foodlandbalaklava.com.au//lines/codral-relief-cld-fl-decon-10s
Foodland Balaklava,2025-05-04 23:57:13,Codral Mucus Cough + Cold Liquid Raspberry Flavour,200mL,was $16.30,$12.30,$6.15 per 100mL,https://foodlandbalaklava.com.au//lines/codral-relief-cough-cold-200ml
Foodland Balaklava,2025-05-04 23:57:13,Codral Mucus Cough Liquid Honey Lemon Flavour,150mL,was $11.55,$8.50,$5.67 per 100mL,https://foodlandbalaklava.com.au//lines/codral-relief-cough-mucs-150ml
Foodland Balaklava,2025-05-04 23:57:13,Codral Plus Cold & Flu 16s + Sore Throat Lozenges 16s,N/A,was $18.30,$15.00,$0.47 Each,https://foodlandbalaklava.com.au//lines/codral-cold-flu-16loz-16tabs
Foodland Balaklava,2025-05-04 23:57:13,Codral Sore Throat Relief Lozenges Antibacterial + Anaesthetic Lime & Lemon 16 Pack,N/A,was $7.90,$6.00,$0.38 Each,https://foodlandbalaklava.com.au//lines/codral-lozenge-lime-lemon-16s
Foodland Balaklava,2025-05-04 23:57:13,Colander Plastic Each,N/A,N/A,$5.67,N/A,https://foodlandbalaklava.com.au//lines/f-guru-colander-plastic
Foodland Balaklava,2025-05-04 23:57:13,Cold Power 2 In 1 With A Touch Of Fabric Softener Powder Laundry Detergent,2kg,was $25.20,$21.95,$10.98 per kg,https://foodlandbalaklava.com.au//lines/cold-pwr-l-pdr-2in1-f-sf-2kg
Foodland Balaklava,2025-05-04 23:57:13,"Cold Power Advanced Clean Cold Water Enzyme, Liquid Laundry Detergent,",1L,was $13.65,$10.00,$10.00 per L,https://foodlandbalaklava.com.au//lines/cold-pwr-l-liq-adv-cln-1l
Foodland Balaklava,2025-05-04 23:57:13,"Cold Power Advanced Clean Cold Water Enzyme, Liquid Laundry Detergent,",2L,was $25.20,$21.70,$10.85 per L,https://foodlandbalaklava.com.au//lines/cold-pwr-l-liq-adv-cln-2l
Foodland Balaklava,2025-05-04 23:57:13,Cold Power Laundry Detergent With A Touch Of Fabric Softener,2L,was $25.20,$21.70,$10.85 per L,https://foodlandbalaklava.com.au//lines/cold-pwr-l-liq-with-sftnr-2l
Foodland Balaklava,2025-05-04 23:57:13,"Cold Power Laundry Triple Capsules 3in1,",18 x 270g,was $17.85,$15.35,$0.85 Each,https://foodlandbalaklava.com.au//lines/cold-power-caps-trpl-reg-18s
Foodland Balaklava,2025-05-04 23:57:13,"Cold Power Regular Advanced Clean, Powder Laundry Detergent,",2kg,was $25.20,$21.95,$10.98 per kg,https://foodlandbalaklava.com.au//lines/cold-pwr-l-pdr-adv-cln-2kg
Foodland Balaklava,2025-05-04 23:57:13,"Cold Power Sensitive Pure Clean, Powder Laundry Detergent,",2kg,was $25.20,$21.95,$10.98 per kg,https://foodlandbalaklava.com.au//lines/cold-pwr-l-pdr-sens-pure-2kg
Foodland Balaklava,2025-05-04 23:57:13,"Colgate 360 Charcoal Manual Toothbrush, 3 Pack, Soft Spiral Antibacterial Bristles, Whole Mouth Clean",N/A,was $12.60,$9.80,$3.27 Each,https://foodlandbalaklava.com.au//lines/colg-t-brsh-360-chrc-sft-3pk
Foodland Balaklava,2025-05-04 23:57:13,"Colgate 360° Optic White Battery Powered Whitening Toothbrush, 1 Pack, Medium With Vibrating & Polishing Bristles",N/A,was $8.40,$6.00,N/A,https://foodlandbalaklava.com.au//lines/colg-t-brush-max-sonic-med-1s
Foodland Balaklava,2025-05-04 23:57:13,"Colgate 360° Optic White Manual Toothbrush, Value 2 Pack, Medium Bristles, Teeth Whitening Actions 2pk",N/A,was $10.50,$8.00,$4.00 Each,https://foodlandbalaklava.com.au//lines/colg-t-brsh-o-wht-med-2pk
Foodland Balaklava,2025-05-04 23:57:13,"Colgate 360° Sensitive Pro-Relief Toothbrush, Value 2 Pack, Extra Soft Bristles For Sensitive Teeth Pain",N/A,was $8.40,$7.35,$3.68 Each,https://foodlandbalaklava.com.au//lines/colg-t-brsh-360-senstive-2pk
Foodland Balaklava,2025-05-04 23:57:13,"Colgate 360° Whole Mouth Clean Manual Toothbrush, 1 Pack, Medium Bristles 1pk",N/A,N/A,$5.25,N/A,https://foodlandbalaklava.com.au//lines/colg-t-brsh-360-deg-med-1s
Foodland Balaklava,2025-05-04 23:57:13,"Colgate 360° Whole Mouth Clean Manual Toothbrush, 1 Pack, Soft Bristles",N/A,N/A,$5.25,N/A,https://foodlandbalaklava.com.au//lines/colg-t-brsh-360-deg-sft-1s
Foodland Balaklava,2025-05-04 23:57:13,"Colgate Advanced Whitening Toothpaste, , With Micro-Cleansing Crystals",115g,N/A,$6.85,$5.96 per 100g,https://foodlandbalaklava.com.au//lines/colg-t-paste-adv-white-115gm
Foodland Balaklava,2025-05-04 23:57:13,"Colgate Advanced Whitening Toothpaste, , With Micro-Cleansing Crystals",200g,N/A,$10.50,$5.25 per 100g,https://foodlandbalaklava.com.au//lines/colg-t-paste-adv-white-200gm
Foodland Balaklava,2025-05-04 23:57:14,"Colgate Cavity Protection Toothpaste, , Great Regular Flavour, For Calcium Boost",120g,was $3.40,$2.80,$2.33 per 100g,https://foodlandbalaklava.com.au//lines/colg-f-gard-great-reg-120gm
Foodland Balaklava,2025-05-04 23:57:14,"Colgate Gentle Clean Manual Toothbrush, 2 Pack, Soft Bristles",N/A,was $12.60,$7.75,$3.88 Each,https://foodlandbalaklava.com.au//lines/colg-t-brsh-gent-cln-sft-2pk
Foodland Balaklava,2025-05-04 23:57:14,"Colgate Interdental Brushes, 8 Pack, Soft Bristles, Size 1 For Small Tooth Gaps",N/A,was $7.35,$5.50,$0.69 Each,https://foodlandbalaklava.com.au//lines/colg-interdental-size-1-sft8pk
Foodland Balaklava,2025-05-04 23:57:14,"Colgate Kids Junior Bluey Battery Powered Sonic Toothbrush, 1 Pack, Extra Soft Bristles, For Children 3+ Years",N/A,was $12.60,$9.85,N/A,https://foodlandbalaklava.com.au//lines/colg-t-brush-kids-jnr-pwr-1s
Foodland Balaklava,2025-05-04 23:57:14,"Colgate Kids My First Manual Toothbrush For Toddlers 0-2 Years, 1 Pack, Extra Soft Bristles, Colours May Vary",N/A,was $4.20,$3.50,N/A,https://foodlandbalaklava.com.au//lines/colg-t-brush-my-first
Foodland Balaklava,2025-05-04 23:57:14,Colgate Max Fresh Toothpaste Peach Passion,100g,N/A,$8.40,$8.40 per 100mL,https://foodlandbalaklava.com.au//lines/colg-t-paste-maxfrsh-pch-100gm
Foodland Balaklava,2025-05-04 23:57:14,"Colgate Max Fresh Toothpaste, , With Mini Breath Strips, Cool Mint",200g,N/A,$10.50,$5.25 per 100g,https://foodlandbalaklava.com.au//lines/colg-t-paste-max-coolmint200gm
Foodland Balaklava,2025-05-04 23:57:14,"Colgate Max White Manual Toothbrush, 1 Pack, Medium Bristles With Polishing Star",N/A,N/A,$5.25,N/A,https://foodlandbalaklava.com.au//lines/colg-t-brsh-whitening-med
Foodland Balaklava,2025-05-04 23:57:14,"Colgate Max White Manual Toothbrush, 1 Pack, Soft Bristles With Polishing Star 1pk",N/A,N/A,$5.25,N/A,https://foodlandbalaklava.com.au//lines/colg-t-brsh-whitening-soft
Foodland Balaklava,2025-05-04 23:57:14,"Colgate Maximum Cavity Protection Toothpaste, Pump, Great Regular With Liquid Calcium",130g,N/A,$6.30,$4.85 per 100g,https://foodlandbalaklava.com.au//lines/colg-t-paste-reg-pump-130gm
Foodland Balaklava,2025-05-04 23:57:14,"Colgate Optic White Luminous Express Teeth Whitening Toothpaste,",85g,was $12.60,$10.00,$11.76 per 100g,https://foodlandbalaklava.com.au//lines/colg-t-paste-optc-wht-xprs85gm
Foodland Balaklava,2025-05-04 23:57:14,"Colgate Optic White Luminous High Impact Teeth Whitening Toothpaste,",85g,was $12.60,$10.00,$11.76 per 100g,https://foodlandbalaklava.com.au//lines/colg-t-pste-o-wht-h-impct-85gm
Foodland Balaklava,2025-05-04 23:57:14,"Colgate Optic White Pro Series Manual Toothbrush With Charcoal Spiral Bristles, 2 Pack 2pk",N/A,was $12.60,$11.00,$5.50 Each,https://foodlandbalaklava.com.au//lines/colg-t-brsh-opt-wht-s-sft-2s
Foodland Balaklava,2025-05-04 23:57:14,"Colgate Optic White Stain Fighter Enamel Care Teeth Whitening Toothpaste,",100g,was $10.50,$7.00,$7.00 per 100g,https://foodlandbalaklava.com.au//lines/colg-t-paste-opt-wht-enam100gm
Foodland Balaklava,2025-05-04 23:57:14,"Colgate Optic White Stain Fighter Enamel Care Teeth Whitening Toothpaste,",140g,was $12.60,$10.00,$7.14 per 100g,https://foodlandbalaklava.com.au//lines/colg-t-paste-opt-wh-enaml140gm
Foodland Balaklava,2025-05-04 23:57:14,"Colgate Optic White Stain Fighter Teeth Whitening Toothpaste,",140g,was $12.60,$10.00,$7.14 per 100g,https://foodlandbalaklava.com.au//lines/colg-t-paste-optic-white-140gm
Foodland Balaklava,2025-05-04 23:57:14,"Colgate Plax Antibacterial Mouthwash , Alcohol Free, Freshmint, Bad Breath Control",500mL,was $7.35,$6.30,$1.26 per 100mL,https://foodlandbalaklava.com.au//lines/colg-plax-m-wash-frshmnt-500ml
Foodland Balaklava,2025-05-04 23:57:14,"Colgate Plax Antibacterial Mouthwash , Freshmint, Alcohol Free, Bad Breath Control",1L,was $12.60,$8.75,$0.88 per 100mL,https://foodlandbalaklava.com.au//lines/colg-plax-m-wash-frshmnt-1l
Foodland Balaklava,2025-05-04 23:57:14,"Colgate Plax Antibacterial Mouthwash , Freshmint, Alcohol Free, Bad Breath Control",250mL,was $4.75,$3.50,$1.40 per 100mL,https://foodlandbalaklava.com.au//lines/colg-plax-m-wash-frshmnt-250ml
Foodland Balaklava,2025-05-04 23:57:14,"Colgate Plax Antibacterial Mouthwash , Gentle Mint, Alcohol Free, Bad Breath Control",500mL,was $7.35,$6.30,$1.26 per 100mL,https://foodlandbalaklava.com.au//lines/colg-plax-m-wash-gencare-500ml
Foodland Balaklava,2025-05-04 23:57:14,"Colgate Sensitive Multi Protection Toothpaste, , For Sensitive Teeth Pain Relief",110g,was $9.45,$6.30,$5.73 per 100g,https://foodlandbalaklava.com.au//lines/colg-t-paste-sens-mult-110gm
Foodland Balaklava,2025-05-04 23:57:14,"Colgate Sensitive Pro Relief Toothpaste , Gum Care",110g,was $11.55,$9.00,$8.18 per 100g,https://foodlandbalaklava.com.au//lines/colg-t-paste-sens-pro-gum110gm
Foodland Balaklava,2025-05-04 23:57:14,"Colgate Sensitive Pro-Relief Enamel Repair Toothpaste, , Clinically Proven Sensitive Teeth Pain Relief",110g,was $11.55,$9.00,$8.18 per 100g,https://foodlandbalaklava.com.au//lines/colg-t-paste-sens-enam-rpr110g
Foodland Balaklava,2025-05-04 23:57:14,"Colgate Sensitive Pro-Relief Multi Protection Toothpaste, , Clinically Proven Sensitive Teeth Pain Relief",110g,was $11.55,$9.00,$8.18 per 100g,https://foodlandbalaklava.com.au//lines/colg-t-paste-sens-pro-mp-110gm
Foodland Balaklava,2025-05-04 23:57:14,"Colgate Sensitive Pro-Relief Whitening Toothpaste, , Clinically Proven Sensitive Teeth Pain Relief",110g,was $11.55,$9.00,$8.18 per 100g,https://foodlandbalaklava.com.au//lines/colg-t-paste-sens-pro-wht110gm
Foodland Balaklava,2025-05-04 23:57:14,"Colgate Slim Soft Charcoal Manual Toothbrush, 1 Pack, Soft With Slim Tip Antibacterial Bristles 1pk",N/A,was $4.20,$3.00,N/A,https://foodlandbalaklava.com.au//lines/colg-t-brsh-sft-slim-chrcoal1s
Foodland Balaklava,2025-05-04 23:57:14,Colgate Toothpaste Optic White Renewal Lasting Fresh 3%,85g,was $15.75,$12.00,$14.12 per 100g,https://foodlandbalaklava.com.au//lines/colg-t-paste-optc-wht-rnew85gm
Foodland Balaklava,2025-05-04 23:57:14,Colgate Total Active Prevention Toothpaste Active Fresh,200g,N/A,$11.55,$5.78 per 100g,https://foodlandbalaklava.com.au//lines/colg-t-paste-totl-adv-frsh200g
Foodland Balaklava,2025-05-04 23:57:14,Colgate Total Active Prevention Toothpaste Deep Clean,115g,was $7.35,$6.30,$5.48 per 100g,https://foodlandbalaklava.com.au//lines/colg-t-paste-total-adv-cln115g
Foodland Balaklava,2025-05-04 23:57:14,Colgate Total Active Prevention Toothpaste Deep Clean With Charcoal,115g,was $7.35,$6.30,$5.48 per 100g,https://foodlandbalaklava.com.au//lines/colg-t-paste-total-chrc-115gm
Foodland Balaklava,2025-05-04 23:57:14,Colgate Total Active Prevention Toothpaste Gum Care,115g,was $7.35,$6.30,$5.48 per 100g,https://foodlandbalaklava.com.au//lines/colg-t-paste-total-g-hlth-115g
Foodland Balaklava,2025-05-04 23:57:14,Colgate Total Active Prevention Toothpaste Mint Stripe,200g,was $7.90,$6.50,$3.25 per 100g,https://foodlandbalaklava.com.au//lines/colg-t-paste-total-mnt-st200gm
Foodland Balaklava,2025-05-04 23:57:14,Colgate Total Active Prevention Toothpaste Whitening,115g,was $7.35,$6.30,$5.48 per 100g,https://foodlandbalaklava.com.au//lines/colg-t-paste-total-whtng-115gm
Foodland Balaklava,2025-05-04 23:57:14,Colgate Total Active Prevention Toothpaste Whitening,200g,N/A,$11.55,$5.78 per 100g,https://foodlandbalaklava.com.au//lines/colg-t-paste-total-whtng-200gm
Foodland Balaklava,2025-05-04 23:57:14,"Colgate Total Mint Waxed Dental Floss, Value Pack, New & Improved*​, Protects Gums & Helps Prevent Tooth Decay",100m,was $8.40,$7.30,$0.01 per cm,https://foodlandbalaklava.com.au//lines/colg-d-ribbon-ttl-mnt-wax-100m-1
Foodland Balaklava,2025-05-04 23:57:14,"Colgate Total Plaque Release Mouthwash, , Refreshing Clear Mint, For Stronger Gums",500mL,was $10.50,$5.00,$1.00 per 100mL,https://foodlandbalaklava.com.au//lines/colg-m-wash-t-plaq-clrmnt500ml
Foodland Balaklava,2025-05-04 23:57:14,"Colgate Total Plaque Release Toothpaste, , Farm-Grown Natural Mint, For Stronger Gums",95g,was $10.50,$5.00,$5.26 per 100g,https://foodlandbalaklava.com.au//lines/colg-t-paste-t-plaq-fg-mnt95gm
Foodland Balaklava,2025-05-04 23:57:14,"Colgate Total Plaque Release Toothpaste, , Reviving Cool Mint, For Stronger Gums",95g,was $10.50,$5.00,$5.26 per 100g,https://foodlandbalaklava.com.au//lines/colg-t-paste-t-plaq-c-mnt-95gm
Foodland Balaklava,2025-05-04 23:57:14,"Colgate Total Tartar Control Dental Floss, , New & Improved*​, Protects Gums & Helps Prevent Tooth Decay",25m,was $3.80,$3.00,$0.00 per M,https://foodlandbalaklava.com.au//lines/colg-d-ribbon-total-t-cntrl25m
Foodland Balaklava,2025-05-04 23:57:14,"Colgate Total Waxed Dental Floss, , New & Improved*​, Protects Gums & Helps Prevent Tooth Decay",50m,was $4.40,$3.50,$0.01 per cm,https://foodlandbalaklava.com.au//lines/colg-d-ribbon-waxed-50m
Foodland Balaklava,2025-05-04 23:57:14,Colgate Travel Pack,N/A,N/A,$9.45,N/A,https://foodlandbalaklava.com.au//lines/colgate-travel-pack
Foodland Balaklava,2025-05-04 23:57:14,"Colgate Triple Action Toothpaste, , Original Mint, With Extra Micro Cleaning Minerals",110g,was $3.40,$2.80,$2.55 per 100g,https://foodlandbalaklava.com.au//lines/colg-t-paste-trip-action-110gm
Foodland Balaklava,2025-05-04 23:57:14,"Colgate Twister Manual Toothbrush, 1 Pack, Medium Bristles, Fresher Breath 1pk",N/A,was $3.35,$2.50,N/A,https://foodlandbalaklava.com.au//lines/colg-t-brush-twst-adlt-med-sng
Foodland Balaklava,2025-05-04 23:57:14,"Colgate Zig Zag Manual Toothbrush, 1 Pack, Medium Bristles, Antibacterial Bristles 1pk",N/A,N/A,$3.15,N/A,https://foodlandbalaklava.com.au//lines/colg-t-brsh-z-zag-adlt-med-sng
Foodland Balaklava,2025-05-04 23:57:14,"Colgate Zig Zag Manual Toothbrush, 1 Pack, Soft Bristles, Antibacterial Bristles 1pk",N/A,N/A,$3.15,N/A,https://foodlandbalaklava.com.au//lines/colg-t-brsh-z-zag-adlt-sft-sng
Foodland Balaklava,2025-05-04 23:57:14,"Colgate Zig Zag Manual Toothbrush, Value 3 Pack, Soft Bristles, Antibacterial Bristles",N/A,was $8.20,$7.00,$2.33 Each,https://foodlandbalaklava.com.au//lines/colg-t-brsh-z-zag-adlt-sft-3pk
Foodland Balaklava,2025-05-04 23:57:14,"Colgate Zig Zag Manual Toothbrush, Value 6 Pack, Medium Bristles, Antibacterial Bristles",N/A,was $12.60,$10.00,$1.67 Each,https://foodlandbalaklava.com.au//lines/colg-t-brsh-z-zag-adlt-med-6pk
Foodland Balaklava,2025-05-04 23:57:14,Collective Natural Protein Kefir,700mL,was $5.70,$5.65,$0.81 per 100mL,https://foodlandbalaklava.com.au//lines/the-collective-nat-kefir-700ml
Foodland Balaklava,2025-05-04 23:57:15,Colour Hide 200 Page Notebook,N/A,N/A,$5.25,N/A,https://foodlandbalaklava.com.au//lines/c-hide-notebook-tl-astd-200pg
Foodland Balaklava,2025-05-04 23:57:15,Colourhide Notebook A4 120pages,N/A,N/A,$5.65,N/A,https://foodlandbalaklava.com.au//lines/c-hide-notebook-a5-astd-120pg
Foodland Balaklava,2025-05-04 23:57:15,Colourh’​De 96 Page Notebook Packet,N/A,N/A,$7.60,N/A,https://foodlandbalaklava.com.au//lines/c-hide-notebook-pckt-5pk-96pg
Foodland Balaklava,2025-05-04 23:57:15,Coloxyl With Senna 45 Tablets,N/A,N/A,$8.40,$0.19 Each,https://foodlandbalaklava.com.au//lines/coloxyl-tab-wth-senna-45s
Foodland Balaklava,2025-05-04 23:57:15,"Combat Ant Rid Indoor Liquid, Ant Bait Destroys The Nest, Insecticide, , 1 Pack",50mL,was $7.90,$6.00,$12.00 per 100mL,https://foodlandbalaklava.com.au//lines/antrid-50ml
Foodland Balaklava,2025-05-04 23:57:15,"Combat Ant-Rid Bait Strips, With Fast Kill Action, Pest Control Insecticides, ,",10 x 10g,N/A,$11.55,$1.16 Each,https://foodlandbalaklava.com.au//lines/combat-antrid-bait-strp-10pk
Foodland Balaklava,2025-05-04 23:57:15,Combat Clothing Moth Protector 2 In 1 Action,3 x 4mL,was $12.60,$10.30,$257.50 per 100mL,https://foodlandbalaklava.com.au//lines/combat-moth-clothing-prtct-4ml
Foodland Balaklava,2025-05-04 23:57:15,"Combat Roach Bait Strips With Fast Kill Action, Pest Control Insecticides, ,",10 x 20g,N/A,$12.60,$1.26 Each,https://foodlandbalaklava.com.au//lines/combat-roachbait-strp-10pk
Foodland Balaklava,2025-05-04 23:57:15,Comfort Fabric Conditioner Hypoallergenic And Dermatologically Tested Fabric Softener Pure For Sensitive Skin,2L,N/A,$14.00,$7.00 per L,https://foodlandbalaklava.com.au//lines/comfort-fab-sft-pure-2l
Foodland Balaklava,2025-05-04 23:57:15,Comfort Fabric Conditioner Hypoallergenic And Dermatologically Tested Fabric Softener Pure For Sensitive Skin,900mL,N/A,$11.55,$12.83 per L,https://foodlandbalaklava.com.au//lines/comfort-fab-cond-pur-wht-900ml
Foodland Balaklava,2025-05-04 23:57:15,Comfort Fabric Conditioner Paris,800mL,was $9.45,$4.50,$5.62 per L,https://foodlandbalaklava.com.au//lines/comfort-fabric-cond-paris800ml
Foodland Balaklava,2025-05-04 23:57:15,Comfort Fabric Conditioner Tahiti,800mL,was $9.45,$4.50,$5.62 per L,https://foodlandbalaklava.com.au//lines/comfort-fab-cond-tahiti-800ml
Foodland Balaklava,2025-05-04 23:57:15,Comm Co Chse Tsty Shrd,250g,N/A,$6.00,$24.00 per kg,https://foodlandbalaklava.com.au//lines/comm-co-chse-tasty-shrd-250gm
Foodland Balaklava,2025-05-04 23:57:15,Comm Co Entertainmt Snk Frz1kg,N/A,N/A,$10.30,$1.03 per 100g,https://foodlandbalaklava.com.au//lines/comm-co-entertainmt-snk-frz1kg
Foodland Balaklava,2025-05-04 23:57:15,Comm Co Gherkins C/​Cut,500g,N/A,$3.00,$0.60 per 100g,https://foodlandbalaklava.com.au//lines/comm-co-gherkins-c-cut-500gm
Foodland Balaklava,2025-05-04 23:57:15,Comm Co Ginger Mild Cryst250gm,N/A,N/A,$5.15,$20.60 per kg,https://foodlandbalaklava.com.au//lines/comm-co-ginger-mild-cryst250gm
Foodland Balaklava,2025-05-04 23:57:15,Comm Co Ginger Nk Uncryst200gm,N/A,N/A,$4.10,$20.50 per kg,https://foodlandbalaklava.com.au//lines/comm-co-ginger-nk-uncryst200gm
Foodland Balaklava,2025-05-04 23:57:15,Comm Co Pork Belly Bites,500g,N/A,$15.00,$30.00 per kg,https://foodlandbalaklava.com.au//lines/comm-co-pork-belly-bites-500gm
Foodland Balaklava,2025-05-04 23:57:15,Comm Co Rigatoni Carbonara,1kg,was $15.45,$13.95,$1.40 per 100g,https://foodlandbalaklava.com.au//lines/comm-co-rigatoni-carbonara-1kg
Foodland Balaklava,2025-05-04 23:57:15,Comm Co Stir Fry Chunky,350g,N/A,$3.70,$10.57 per kg,https://foodlandbalaklava.com.au//lines/comm-co-stir-fry-chunky-350g
Foodland Balaklava,2025-05-04 23:57:15,Comm Co Topp Btrsch Crml,610g,N/A,$3.60,$0.59 per 100g,https://foodlandbalaklava.com.au//lines/comm-co-topp-btrsch-crml-610gm
Foodland Balaklava,2025-05-04 23:57:15,Comm Co Vegetable Gyoza,500g,N/A,$8.25,$1.65 per 100g,https://foodlandbalaklava.com.au//lines/comm-co-vegetable-gyoza-500gm
Foodland Balaklava,2025-05-04 23:57:15,Comm Co Wtr Sprng Mini24x350ml,N/A,N/A,$10.90,$1.30 per L,https://foodlandbalaklava.com.au//lines/comm-co-wtr-sprng-mini24x350ml
Foodland Balaklava,2025-05-04 23:57:15,Command Mini Hooks Clear. 6 Per Pack,N/A,N/A,$8.70,$1.45 Each,https://foodlandbalaklava.com.au//lines/command-mini-hooks-clear-6-per-pack
Foodland Balaklava,2025-05-04 23:57:15,Command Mounting Hook Small - 2 Hooks / 4 Strips Per Pack,N/A,N/A,$7.05,N/A,https://foodlandbalaklava.com.au//lines/command-mounting-hook-small-2-hooks-4-strips-per-pack
Foodland Balaklava,2025-05-04 23:57:15,Command Picture Hanger White Wired-Backed,N/A,N/A,$6.62,N/A,https://foodlandbalaklava.com.au//lines/command-picture-hanger-white-wired-backed
Foodland Balaklava,2025-05-04 23:57:15,Command™ Clear Mini Hooks Value Pack 18pk (​17006clr-18),N/A,N/A,$15.50,N/A,https://foodlandbalaklava.com.au//lines/command-clear-mini-hooks-value-pack-18pk-17006clr-18
Foodland Balaklava,2025-05-04 23:57:15,Command™ Clear Utensil Hooks 3pk 17067,N/A,N/A,$9.60,$3.20 Each,https://foodlandbalaklava.com.au//lines/command-clear-utensil-hooks-3pk-17067
Foodland Balaklava,2025-05-04 23:57:15,Command™ Combo Small And Medium Picture Hanging Strips 12pk (​17203),N/A,N/A,$19.90,N/A,https://foodlandbalaklava.com.au//lines/command-combo-small-and-medium-picture-hanging-strips-12pk-17203
Foodland Balaklava,2025-05-04 23:57:15,Command™ Large Hooks Value Pack 3pk (​17003-3),N/A,N/A,$16.35,N/A,https://foodlandbalaklava.com.au//lines/command-large-hooks-value-pack-3pk-17003-3
Foodland Balaklava,2025-05-04 23:57:15,Command™ Large Picture Haging Strips Black 4pk 17206,N/A,N/A,$9.80,N/A,https://foodlandbalaklava.com.au//lines/command-picture-strip-lrg-blk
Foodland Balaklava,2025-05-04 23:57:15,Command™ Medium Hooks Value Pack 6pk (​17001-6),N/A,N/A,$15.80,N/A,https://foodlandbalaklava.com.au//lines/command-medium-hooks-value-pack-6pk-17001-6
Foodland Balaklava,2025-05-04 23:57:15,Community Co 2 Ply Serviettes,N/A,N/A,$2.25,$9.00 Units100,https://foodlandbalaklava.com.au//lines/comm-co-serviettes-2ply-25pk
Foodland Balaklava,2025-05-04 23:57:15,Community Co Angus Beef Meatball With Penne Pasta,400g,was $8.95,$8.00,$2.00 per 100g,https://foodlandbalaklava.com.au//lines/comm-co-beef-mball-penne-400g
Foodland Balaklava,2025-05-04 23:57:15,Community Co Apple Cider Vinegar,500mL,N/A,$4.65,$0.93 per 100mL,https://foodlandbalaklava.com.au//lines/comm-co-vin-apl-cider-org500ml
Foodland Balaklava,2025-05-04 23:57:15,Community Co Apricot Halves,695g,N/A,$3.80,$5.47 per kg,https://foodlandbalaklava.com.au//lines/comm-co-apricot-hlv-jce-695gm
Foodland Balaklava,2025-05-04 23:57:15,Community Co Aromatic & Intense Aluminium Decaffeinated Coffee Capsules,N/A,N/A,$3.55,$6.23 per 100g,https://foodlandbalaklava.com.au//lines/comm-co-caps-decaf-57gm
Foodland Balaklava,2025-05-04 23:57:15,Community Co Aussie Linseeds,400g,N/A,$3.00,$0.75 per 100g,https://foodlandbalaklava.com.au//lines/comm-co-linseed-400gm
Foodland Balaklava,2025-05-04 23:57:15,Community Co Aussie Macadamias,100g,N/A,$6.70,$67.00 per kg,https://foodlandbalaklava.com.au//lines/comm-co-macadamia-raw-100gm
Foodland Balaklava,2025-05-04 23:57:15,Community Co Aussie Polenta,375g,N/A,$2.60,$0.69 per 100g,https://foodlandbalaklava.com.au//lines/comm-co-polenta-375gm
Foodland Balaklava,2025-05-04 23:57:15,Community Co Aussie Salad Mix,110g,was $3.00,$1.55,$14.09 per kg,https://foodlandbalaklava.com.au//lines/comm-co-aussie-mix-110g
Foodland Balaklava,2025-05-04 23:57:15,Community Co Aussie Semolina,375g,N/A,$2.35,$0.63 per 100g,https://foodlandbalaklava.com.au//lines/comm-co-semolina-375gm
Foodland Balaklava,2025-05-04 23:57:15,Community Co Aussie White Grain Quinoa,350g,N/A,$5.90,$1.69 per 100g,https://foodlandbalaklava.com.au//lines/comm-co-quinoa-white-350gm
Foodland Balaklava,2025-05-04 23:57:15,Community Co Balsamic Vinegar,500mL,N/A,$5.00,$1.00 per 100mL,https://foodlandbalaklava.com.au//lines/comm-co-vinegar-balsamic-500ml
Foodland Balaklava,2025-05-04 23:57:15,Community Co Basmati Microwavable Rice,250g,N/A,$1.90,$0.76 per 100g,https://foodlandbalaklava.com.au//lines/comm-co-m-wve-rce-basmti-250gm
Foodland Balaklava,2025-05-04 23:57:15,Community Co Beef Lasagne,1kg,was $15.75,$13.95,$1.40 per 100g,https://foodlandbalaklava.com.au//lines/comm-co-beef-lasagne-1kg
Foodland Balaklava,2025-05-04 23:57:15,Community Co Beef Lasagne,400g,was $8.95,$8.00,$2.00 per 100g,https://foodlandbalaklava.com.au//lines/comm-co-beef-lasagne-400g
Foodland Balaklava,2025-05-04 23:57:15,Community Co Beef Ravioli,625g,N/A,$7.40,$1.18 per 100g,https://foodlandbalaklava.com.au//lines/comm-co-frsh-psta-rav-bf-625gm
Foodland Balaklava,2025-05-04 23:57:16,Community Co Black Pepper Corns Grinder Refill,200g,N/A,$5.50,$0.28 per 10g,https://foodlandbalaklava.com.au//lines/comm-co-pep-crn-blck-rf-200gm
Foodland Balaklava,2025-05-04 23:57:16,Community Co Bolognese Pasta Sauce,425g,N/A,$5.15,$1.21 per 100g,https://foodlandbalaklava.com.au//lines/comm-co-frsh-sce-bologn-425gm
Foodland Balaklava,2025-05-04 23:57:16,Community Co Cacciatore Chicken,350g,was $8.50,$8.00,$2.29 per 100g,https://foodlandbalaklava.com.au//lines/comm-co-cacciatore-chkn-350g
Foodland Balaklava,2025-05-04 23:57:16,Community Co Cheese & Crackers,50g,N/A,$2.25,$45.00 per kg,https://foodlandbalaklava.com.au//lines/comm-co-chse-tsty-crkr-50gm
Foodland Balaklava,2025-05-04 23:57:16,Community Co Cheese And Crackers Extra Tasty,50g,N/A,$2.25,$45.00 per kg,https://foodlandbalaklava.com.au//lines/comm-co-chse-xtsty-crkr-50gm
Foodland Balaklava,2025-05-04 23:57:16,Community Co Chicken Stroganoff,350g,was $8.50,$8.00,$2.29 per 100g,https://foodlandbalaklava.com.au//lines/comm-co-stroganoff-chkn-350g
Foodland Balaklava,2025-05-04 23:57:16,Community Co Ciabatta Loaf,350g,N/A,$4.20,$1.20 per 100g,https://foodlandbalaklava.com.au//lines/comm-co-loaf-ciabatta
Foodland Balaklava,2025-05-04 23:57:16,Community Co Clean Freak Bath & Shower Cleaner,750mL,N/A,$2.75,$0.37 per 100mL,https://foodlandbalaklava.com.au//lines/comm-co-c-frk-bth-shw-spy750ml
Foodland Balaklava,2025-05-04 23:57:16,Community Co Clean Freak Glass & Window Cleaner,750mL,N/A,$2.00,$0.27 per 100mL,https://foodlandbalaklava.com.au//lines/comm-co-c-frk-gls-wnd-spy750ml
Foodland Balaklava,2025-05-04 23:57:16,Community Co Clean Freak Multi-Purpose Cleaner,750mL,N/A,$2.00,$0.27 per 100mL,https://foodlandbalaklava.com.au//lines/comm-co-c-frk-m-purps-spy750ml
Foodland Balaklava,2025-05-04 23:57:16,Community Co Colby Cheese Slices,250g,N/A,$6.00,$24.00 per kg,https://foodlandbalaklava.com.au//lines/comm-co-chse-slce-colby-250gm
Foodland Balaklava,2025-05-04 23:57:16,Community Co Cottage Pie,1kg,N/A,$18.55,$1.86 per 100g,https://foodlandbalaklava.com.au//lines/comm-co-cottage-pie-1kg
Foodland Balaklava,2025-05-04 23:57:16,Community Co Cotton Pads 80pk,N/A,N/A,$2.20,$0.03 Each,https://foodlandbalaklava.com.au//lines/comm-co-mke-up-pads-80pk
Foodland Balaklava,2025-05-04 23:57:16,Community Co Crystal Peak,1500mL,N/A,$2.00,$1.33 per L,https://foodlandbalaklava.com.au//lines/comm-co-c-pk-sp-wtr-s-c-1-5l
Foodland Balaklava,2025-05-04 23:57:16,Community Co Crystal Peak,600mL,N/A,$1.00,$1.67 per L,https://foodlandbalaklava.com.au//lines/comm-co-c-pk-sp-wtr-s-c-600ml
Foodland Balaklava,2025-05-04 23:57:16,Community Co Dairy Free Olive Oil Spread,300g,N/A,$2.45,$0.82 per 100g,https://foodlandbalaklava.com.au//lines/comm-co-sprd-d-fr-o-oil-300gm
Foodland Balaklava,2025-05-04 23:57:16,Community Co Dried Mango,130g,N/A,$4.55,$35.00 per kg,https://foodlandbalaklava.com.au//lines/comm-co-mango-dried-130gm
Foodland Balaklava,2025-05-04 23:57:16,Community Co Espresso Caps,57g,N/A,$3.55,$6.23 per 100g,https://foodlandbalaklava.com.au//lines/comm-co-caps-espresso-57gm
Foodland Balaklava,2025-05-04 23:57:16,Community Co Extra Tasty Cheese Slices,250g,N/A,$6.00,$24.00 per kg,https://foodlandbalaklava.com.au//lines/comm-co-chse-slce-x-tsty-250gm
Foodland Balaklava,2025-05-04 23:57:16,Community Co Extra Virgin Coconut Oil Spray,225g,N/A,$5.55,$2.47 per 100g,https://foodlandbalaklava.com.au//lines/comm-co-coconut-oil-spry-225gm
Foodland Balaklava,2025-05-04 23:57:16,Community Co For You Ultra Thin Pads With Wings,N/A,N/A,$2.75,$0.23 Each,https://foodlandbalaklava.com.au//lines/comm-co-for-u-pad-u-thn-sup12s
Foodland Balaklava,2025-05-04 23:57:16,Community Co For You Ultra Thin Pads With Wings,N/A,N/A,$2.75,$0.20 Each,https://foodlandbalaklava.com.au//lines/comm-co-for-u-pad-u-thn-reg14s
Foodland Balaklava,2025-05-04 23:57:16,Community Co Frozen Raspberries,500g,N/A,$7.20,$14.40 per kg,https://foodlandbalaklava.com.au//lines/comm-co-frzn-raspbry-500g
Foodland Balaklava,2025-05-04 23:57:16,Community Co Fruit & Seeds Muesli,350g,N/A,$6.10,$1.74 per 100g,https://foodlandbalaklava.com.au//lines/comm-co-mues-gf-frt-sds-350gm
Foodland Balaklava,2025-05-04 23:57:16,Community Co Fruit Easter Buns,N/A,was $4.00,$3.40,$0.81 per 100g,https://foodlandbalaklava.com.au//lines/comm-co-easter-buns-frt-min9pk
Foodland Balaklava,2025-05-04 23:57:16,Community Co Fruit Salad,410g,N/A,$2.60,$6.34 per kg,https://foodlandbalaklava.com.au//lines/comm-co-fruit-salad-jce-410gm
Foodland Balaklava,2025-05-04 23:57:16,Community Co Fruit Salad In Juice,4 x 125mL,N/A,$2.70,$5.40 per kg,https://foodlandbalaklava.com.au//lines/comm-co-frt-sld-in-jce-4x125gm
Foodland Balaklava,2025-05-04 23:57:16,Community Co Garlic And Cheese Pull Apart Bread,350g,N/A,$5.50,$1.57 per 100g,https://foodlandbalaklava.com.au//lines/comm-co-brd-pull-apart-350gm
Foodland Balaklava,2025-05-04 23:57:16,Community Co Garlic Tortilla,365g,N/A,$3.55,$0.97 per 100g,https://foodlandbalaklava.com.au//lines/comm-co-tortillas-garlic-8pk
Foodland Balaklava,2025-05-04 23:57:16,Community Co Glacé Ginger,125g,N/A,$4.10,$32.80 per kg,https://foodlandbalaklava.com.au//lines/comm-co-ginger-glace-125gm
Foodland Balaklava,2025-05-04 23:57:16,Community Co Glass & Window Wipes 50pk,N/A,N/A,$2.25,$0.04 Each,https://foodlandbalaklava.com.au//lines/comm-co-wipes-c-f-gls-wind-50s
Foodland Balaklava,2025-05-04 23:57:16,Community Co Gluten Free Roasted Nut And Seed Muesli,350g,N/A,$6.10,$1.74 per 100g,https://foodlandbalaklava.com.au//lines/comm-co-mues-gf-rst-n-sd-350gm
Foodland Balaklava,2025-05-04 23:57:16,Community Co Hemp Seeds,95g,N/A,$1.40,$14.74 per kg,https://foodlandbalaklava.com.au//lines/comm-co-tuna-yf-lmn-pepp-95gm
Foodland Balaklava,2025-05-04 23:57:16,Community Co Interdental Brush 10pk,N/A,N/A,$4.10,$0.41 Each,https://foodlandbalaklava.com.au//lines/comm-co-interdental-brush-10pk
Foodland Balaklava,2025-05-04 23:57:16,Community Co Kids Extra Tasty Cheese & Crackers,4 x 30g,N/A,$4.40,$36.67 per kg,https://foodlandbalaklava.com.au//lines/comm-co-chs-xtsty-crkr-mp4x30g
Foodland Balaklava,2025-05-04 23:57:16,Community Co Lemon Myrtle & Goats Milk Soap,2 x 100g,N/A,$3.40,$1.70 per 100g,https://foodlandbalaklava.com.au//lines/comm-co-soap-g-mlk-l-myr-2pk
Foodland Balaklava,2025-05-04 23:57:16,Community Co Light Rye Sourdough Loaf,N/A,N/A,$7.00,$1.40 per 100g,https://foodlandbalaklava.com.au//lines/comm-co-brd-s-dgh-lgt-rye500gm
Foodland Balaklava,2025-05-04 23:57:16,Community Co Lightly Sparkling Water,1.25L,N/A,$2.00,$1.60 per L,https://foodlandbalaklava.com.au//lines/comm-co-l-spk-sp-wtr-nat-1-25l
Foodland Balaklava,2025-05-04 23:57:16,Community Co Lightly Sparkling Water,500mL,N/A,$8.30,$1.38 per L,https://foodlandbalaklava.com.au//lines/comm-co-l-spk-water-12x500ml
Foodland Balaklava,2025-05-04 23:57:16,Community Co Loaded Choc Chip Cookies,300g,N/A,$6.70,$2.23 per 100g,https://foodlandbalaklava.com.au//lines/comm-co-ckie-ld-choc-5pk-300g
Foodland Balaklava,2025-05-04 23:57:16,Community Co Long Grain White Rice Microwavable Rice,250g,N/A,$1.90,$0.76 per 100g,https://foodlandbalaklava.com.au//lines/comm-co-m-wve-rce-l-grn-250gm
Foodland Balaklava,2025-05-04 23:57:16,Community Co Low Irritant Surface Spray,350g,N/A,$3.50,$1.00 per 100g,https://foodlandbalaklava.com.au//lines/comm-co-srf-spry-l-irrit-350gm
Foodland Balaklava,2025-05-04 23:57:16,Community Co Medium Roast Aluminium Coffee Capsules,N/A,N/A,$3.55,$6.23 per 100g,https://foodlandbalaklava.com.au//lines/comm-co-caps-med-rst-57gm
Foodland Balaklava,2025-05-04 23:57:16,Community Co Mini Chocolate Cupcakes,N/A,N/A,$7.00,$2.92 per 100g,https://foodlandbalaklava.com.au//lines/comm-co-mini-c-cke-choc-12pk
Foodland Balaklava,2025-05-04 23:57:16,Community Co Oil Coconut Organic,1L,N/A,$16.00,$1.60 per 100g,https://foodlandbalaklava.com.au//lines/comm-co-oil-c-nut-organic-1l
Foodland Balaklava,2025-05-04 23:57:16,Community Co Organic Coconut Oil,450mL,N/A,$7.60,$1.69 per 100mL,https://foodlandbalaklava.com.au//lines/comm-co-oil-coco-org-virg450ml
Foodland Balaklava,2025-05-04 23:57:16,Community Co Oxy Action,1kg,N/A,$3.90,$3.90 per kg,https://foodlandbalaklava.com.au//lines/comm-co-laundry-soaker-oxy-1kg
Foodland Balaklava,2025-05-04 23:57:16,Community Co Paper Straws,N/A,N/A,$2.70,$13.50 Units100,https://foodlandbalaklava.com.au//lines/comm-co-straws-paper-20pk
Foodland Balaklava,2025-05-04 23:57:17,Community Co Peri Peri Mayonnaise,250mL,N/A,$2.60,$1.04 per 100mL,https://foodlandbalaklava.com.au//lines/comm-co-mayo-peri-peri-250ml
Foodland Balaklava,2025-05-04 23:57:17,Community Co Personal Insect Repellent,150g,N/A,$4.75,$3.17 per 100g,https://foodlandbalaklava.com.au//lines/comm-co-insct-repel-prsnl150gm
Foodland Balaklava,2025-05-04 23:57:17,Community Co Pineapple Peices,695mL,N/A,$3.80,$5.47 per kg,https://foodlandbalaklava.com.au//lines/comm-co-pine-pces-jce-695gm
Foodland Balaklava,2025-05-04 23:57:17,Community Co Pink Himalayan Salt Grinder Refill,400g,N/A,$3.50,$0.88 per 100g,https://foodlandbalaklava.com.au//lines/comm-co-salt-pink-ref-400gm
Foodland Balaklava,2025-05-04 23:57:17,Community Co Pink Salt Grinder,110g,N/A,$3.60,$3.27 per 100g,https://foodlandbalaklava.com.au//lines/comm-co-salt-grndr-pink-110gm
Foodland Balaklava,2025-05-04 23:57:17,Community Co Pomegranate & Poppyseed Soap,2 x 100g,N/A,$3.40,$1.70 per 100g,https://foodlandbalaklava.com.au//lines/comm-co-soap-pom-p-seed-2pk
Foodland Balaklava,2025-05-04 23:57:17,Community Co Poptop Spring Water,1L,N/A,$1.65,$1.65 per L,https://foodlandbalaklava.com.au//lines/comm-co-spring-wtr-pop-top-1l
Foodland Balaklava,2025-05-04 23:57:17,Community Co Pork Ribs BBQ,650g,N/A,$16.00,$24.62 per kg,https://foodlandbalaklava.com.au//lines/comm-co-pork-ribs-bbq-sce650gm
Foodland Balaklava,2025-05-04 23:57:17,Community Co Psyllium Husk,150g,N/A,$6.40,$4.27 per 100g,https://foodlandbalaklava.com.au//lines/comm-co-psyllium-150gm
Foodland Balaklava,2025-05-04 23:57:17,Community Co Raspberry Flavoured Jelly,85g,N/A,$1.30,$1.53 per 100g,https://foodlandbalaklava.com.au//lines/comm-co-jelly-nat-r-berry-85gm
Foodland Balaklava,2025-05-04 23:57:17,Community Co Raspberry Jam,500g,N/A,$2.80,$0.56 per 100g,https://foodlandbalaklava.com.au//lines/comm-co-jam-raspberry-500gm
Foodland Balaklava,2025-05-04 23:57:17,Community Co Red Wine Vinegar,500mL,N/A,$3.50,$0.70 per 100mL,https://foodlandbalaklava.com.au//lines/comm-co-vinegar-red-wine-500ml
Foodland Balaklava,2025-05-04 23:57:17,Community Co Reusable Bowl,N/A,N/A,$4.75,$118.75 Units100,https://foodlandbalaklava.com.au//lines/comm-co-reusable-bowl-4pk
Foodland Balaklava,2025-05-04 23:57:17,Community Co Reusable Cutlery,N/A,N/A,$4.60,$38.33 Units100,https://foodlandbalaklava.com.au//lines/comm-co-reusable-cutlry-12pk
Foodland Balaklava,2025-05-04 23:57:17,Community Co Reusable Plate,N/A,N/A,$4.75,$118.75 Units100,https://foodlandbalaklava.com.au//lines/comm-co-reusable-plate-snk-4pk
Foodland Balaklava,2025-05-04 23:57:17,Community Co Reusable Tumbler,N/A,N/A,$4.75,$118.75 Units100,https://foodlandbalaklava.com.au//lines/comm-co-reusable-tumbler-4pk
Foodland Balaklava,2025-05-04 23:57:17,Community Co Rice Bran Oil Spray,225g,N/A,$4.10,$1.82 per 100g,https://foodlandbalaklava.com.au//lines/comm-co-oil-rce-bran-spry225gm
Foodland Balaklava,2025-05-04 23:57:17,Community Co Rigatoni Carbonara,400g,was $8.95,$8.00,$2.00 per 100g,https://foodlandbalaklava.com.au//lines/comm-co-rigatoni-carbonr-400g
Foodland Balaklava,2025-05-04 23:57:17,Community Co Salted Caramel & White Chocolate Cokies,N/A,N/A,$6.70,$3.35 per 100g,https://foodlandbalaklava.com.au//lines/comm-co-ckie-sc-wht-5pk-200g
Foodland Balaklava,2025-05-04 23:57:17,Community Co Sea Salt Grinder,110g,N/A,$4.00,$3.64 per 100g,https://foodlandbalaklava.com.au//lines/comm-co-salt-grndr-sea-110gm
Foodland Balaklava,2025-05-04 23:57:17,Community Co Sea Salt Grinder Refill,400g,N/A,$1.60,$0.40 per 100g,https://foodlandbalaklava.com.au//lines/comm-co-salt-sea-ref-400gm
Foodland Balaklava,2025-05-04 23:57:17,Community Co Sesame Seeds,325g,N/A,$5.35,$1.65 per 100g,https://foodlandbalaklava.com.au//lines/comm-co-sesame-seeds-325gm
Foodland Balaklava,2025-05-04 23:57:17,Community Co Single Origin Aluminium Coffee Caps,57g,N/A,$3.55,$6.23 per 100g,https://foodlandbalaklava.com.au//lines/comm-co-caps-single-orig-57gm
Foodland Balaklava,2025-05-04 23:57:17,Community Co Sour Dough Rolls,N/A,was $5.00,$4.90,$1.36 per 100g,https://foodlandbalaklava.com.au//lines/comm-co-b-roll-s-dgh-sd-grn
Foodland Balaklava,2025-05-04 23:57:17,Community Co Sourdough Rolls,N/A,was $5.00,$4.90,$1.36 per 100g,https://foodlandbalaklava.com.au//lines/comm-co-b-roll-s-dgh-pln
Foodland Balaklava,2025-05-04 23:57:17,Community Co Spanakopita,750g,N/A,$11.85,$1.58 per 100g,https://foodlandbalaklava.com.au//lines/comm-co-spanakopita-750gm
Foodland Balaklava,2025-05-04 23:57:17,Community Co Spotted Chocolate Cookies,N/A,N/A,$6.70,$2.68 per 100g,https://foodlandbalaklava.com.au//lines/comm-co-ckie-spotty-5pk-250gm
Foodland Balaklava,2025-05-04 23:57:17,Community Co Spring Water,8 x 1.5L,N/A,$7.00,$0.58 per L,https://foodlandbalaklava.com.au//lines/comm-co-springwater-8-x-1-5l
Foodland Balaklava,2025-05-04 23:57:17,Community Co Strawberry Cheese Cake,450g,N/A,$6.80,$1.51 per 100g,https://foodlandbalaklava.com.au//lines/comm-co-ch-cake-strwbry-450gm
Foodland Balaklava,2025-05-04 23:57:17,Community Co Strawberry Flavoured Natural Jelly Crystals,85g,N/A,$1.30,$1.53 per 100g,https://foodlandbalaklava.com.au//lines/comm-co-jelly-nat-s-berry-85gm
Foodland Balaklava,2025-05-04 23:57:17,Community Co Sunflower Seeds,350g,N/A,$4.10,$1.17 per 100g,https://foodlandbalaklava.com.au//lines/comm-co-sunflower-seeds-350gm
Foodland Balaklava,2025-05-04 23:57:17,Community Co Sweet & Crunchy Salad Mix,275g,was $3.00,$1.50,$5.45 per kg,https://foodlandbalaklava.com.au//lines/comm-co-swt-crnchy-sal-mix-275g
Foodland Balaklava,2025-05-04 23:57:17,"Community Co Tasty Cheese, Crackers & Salami",50g,N/A,$3.30,$66.00 per kg,https://foodlandbalaklava.com.au//lines/comm-co-sal-tsty-chs-crkr-50gm
Foodland Balaklava,2025-05-04 23:57:17,Community Co Two Fruits In Juice,695g,N/A,$4.35,$6.26 per kg,https://foodlandbalaklava.com.au//lines/comm-co-two-frt-in-jce-695g
Foodland Balaklava,2025-05-04 23:57:17,Community Co White Wine Vinegar,500mL,N/A,$3.50,$0.70 per 100mL,https://foodlandbalaklava.com.au//lines/comm-co-vinegar-wht-wine-500ml
Foodland Balaklava,2025-05-04 23:57:17,Community Co Yellow Fin Tuna,95g,N/A,$1.40,$14.74 per kg,https://foodlandbalaklava.com.au//lines/comm-co-tuna-yf-sp-wtr-95gm
Foodland Balaklava,2025-05-04 23:57:17,Community Co Yellowfin Tuna,95g,N/A,$1.40,$14.74 per kg,https://foodlandbalaklava.com.au//lines/comm-co-tuna-yf-oil-95gm
Foodland Balaklava,2025-05-04 23:57:17,Community Co Yellowfin Tuna In Chilli Oil,95g,N/A,$1.40,$14.74 per kg,https://foodlandbalaklava.com.au//lines/comm-co-tuna-yf-chil-oil-95gm
Foodland Balaklava,2025-05-04 23:57:17,Community Co. Almond Meal,100g,N/A,$3.10,$31.00 per kg,https://foodlandbalaklava.com.au//lines/comm-co-almond-meal-100gm-1
Foodland Balaklava,2025-05-04 23:57:17,Community Co. Cocktail Onions,480g,N/A,$3.80,$0.79 per 100g,https://foodlandbalaklava.com.au//lines/comm-co-cocktail-onion-480gm
Foodland Balaklava,2025-05-04 23:57:17,Community Co. For U Liner Long 32,N/A,N/A,$3.10,$0.10 Each,https://foodlandbalaklava.com.au//lines/comm-co-for-u-liner-long-32s
Foodland Balaklava,2025-05-04 23:57:17,Community Co. For U Liner Regular 20,N/A,N/A,$1.50,$0.08 Each,https://foodlandbalaklava.com.au//lines/comm-co-for-u-liner-reg-20s
Foodland Balaklava,2025-05-04 23:57:17,Community Co. For U Tampons Regular,N/A,N/A,$3.25,$0.16 Each,https://foodlandbalaklava.com.au//lines/comm-co-for-u-tampon-reg-20s
Foodland Balaklava,2025-05-04 23:57:17,Community Co. Glacé Red Cherries,200g,N/A,$4.10,$20.50 per kg,https://foodlandbalaklava.com.au//lines/comm-co-cherrie-glace-red200gm-1
Foodland Balaklava,2025-05-04 23:57:17,Community Co. Gluten Free Choc Chip & Yoghurt Swirls,120g,N/A,$3.90,$3.25 per 100g,https://foodlandbalaklava.com.au//lines/comm-co-bisc-g-f-ygt-swl-120gm
Foodland Balaklava,2025-05-04 23:57:17,Community Co. Gluten Free Choc Chip Cookies,180g,N/A,$3.90,$2.17 per 100g,https://foodlandbalaklava.com.au//lines/comm-co-ckie-g-f-chc-chp-180gm
Foodland Balaklava,2025-05-04 23:57:17,Community Co. Gluten Free Gingernuts,180g,N/A,$3.90,$2.17 per 100g,https://foodlandbalaklava.com.au//lines/comm-co-bisc-g-f-gng-nut-180gm
Foodland Balaklava,2025-05-04 23:57:17,Community Co. Gluten Free Mint Crè​me Biscuits,225g,N/A,$6.70,$2.98 per 100g,https://foodlandbalaklava.com.au//lines/comm-co-bisc-g-f-mnt-crm-225gm
Foodland Balaklava,2025-05-04 23:57:18,Community Co. Gluten Free Shortbread,180g,N/A,$3.90,$2.17 per 100g,https://foodlandbalaklava.com.au//lines/comm-co-bisc-g-f-s-brd-180gm
Foodland Balaklava,2025-05-04 23:57:18,Community Co. Honey Twist & Squeeze,375g,N/A,$5.50,$1.47 per 100g,https://foodlandbalaklava.com.au//lines/comm-co-honey-twst-sqze-375gm
Foodland Balaklava,2025-05-04 23:57:18,Community Co. Kalamata Olives,350g,N/A,$3.65,$10.43 per kg,https://foodlandbalaklava.com.au//lines/comm-co-olives-kalam-whl-350gm
Foodland Balaklava,2025-05-04 23:57:18,Community Co. Mini Assorted Iced Cupcakes '12 Pack',240g,N/A,$7.00,$2.92 per 100g,https://foodlandbalaklava.com.au//lines/comm-co-mini-c-cke-asst-12pk
Foodland Balaklava,2025-05-04 23:57:18,Community Co. Olives Green Stuffed,450g,N/A,$5.65,$12.56 per kg,https://foodlandbalaklava.com.au//lines/comm-co-olives-grn-stufd-450gm
Foodland Balaklava,2025-05-04 23:57:18,Community Co. Pure Honey Pail,1kg,N/A,$14.20,$1.42 per 100g,https://foodlandbalaklava.com.au//lines/comm-co-honey-pail-1kg
Foodland Balaklava,2025-05-04 23:57:18,Community Co. Raisins,375g,N/A,$3.85,$10.27 per kg,https://foodlandbalaklava.com.au//lines/comm-co-raisins-375gm-1
Foodland Balaklava,2025-05-04 23:57:18,Community Co. Raw Cashews,150g,N/A,$5.65,$37.67 per kg,https://foodlandbalaklava.com.au//lines/comm-co-cashews-raw-150gm-1
Foodland Balaklava,2025-05-04 23:57:18,Community Co. Raw Pistachios,80g,N/A,$6.00,$75.00 per kg,https://foodlandbalaklava.com.au//lines/comm-co-pistachio-raw-80gm-1
Foodland Balaklava,2025-05-04 23:57:18,Community Co. Sultanas,500g,N/A,$5.15,$10.30 per kg,https://foodlandbalaklava.com.au//lines/comm-co-sultanas-500gm-1
Foodland Balaklava,2025-05-04 23:57:18,Community Co. Sweet & Spicy Gherkins,500g,N/A,$3.10,$0.62 per 100g,https://foodlandbalaklava.com.au//lines/comm-co-gherkin-sw-spicy-500gm
Foodland Balaklava,2025-05-04 23:57:18,Community Co. Whole Green Olives,450g,N/A,$7.20,$16.00 per kg,https://foodlandbalaklava.com.au//lines/comm-co-olives-grn-whl-450gm
Foodland Balaklava,2025-05-04 23:57:18,Con Amor Snk Cone Candies,25g,N/A,$2.00,$8.00 per 100g,https://foodlandbalaklava.com.au//lines/messori-con-amor-cone-candies-25g
Foodland Balaklava,2025-05-04 23:57:18,Con/​Seur M/​P Bel Choc &​Haz 4s,N/A,was $12.60,$11.10,$2.44 per 100mL,https://foodlandbalaklava.com.au//lines/con-seur-m-p-bel-choc-haz-4s-1
Foodland Balaklava,2025-05-04 23:57:18,Con/​Seur M/​P Classic Van 4s,N/A,was $12.60,$11.10,$2.78 per 100mL,https://foodlandbalaklava.com.au//lines/con-seur-m-p-classic-van-4s
Foodland Balaklava,2025-05-04 23:57:18,Confidor Insecticide,750mL,N/A,$17.95,N/A,https://foodlandbalaklava.com.au//lines/confidor-insecticide-rtu-750ml
Foodland Balaklava,2025-05-04 23:57:18,Connoisseur Baked Choc Chip Cookie Ice Cream,1L,N/A,$12.60,$1.26 per 100mL,https://foodlandbalaklava.com.au//lines/con-seur-i-crm-choc-chp-cki-1l
Foodland Balaklava,2025-05-04 23:57:18,Connoisseur Blood Orange & Chocolate Ice Creams,N/A,was $12.60,$11.10,$2.44 per 100mL,https://foodlandbalaklava.com.au//lines/con-seur-m-p-b-orng-choc-4s-1
Foodland Balaklava,2025-05-04 23:57:18,Connoisseur Cafe Grande 1,N/A,N/A,$12.60,$1.26 per 100mL,https://foodlandbalaklava.com.au//lines/con-seur-i-crm-cafe-grande-1l
Foodland Balaklava,2025-05-04 23:57:18,Connoisseur Cafe Grande Ice Creams,360mL,was $12.60,$11.10,$3.08 per 100mL,https://foodlandbalaklava.com.au//lines/con-seur-m-p-cafe-grande-4s
Foodland Balaklava,2025-05-04 23:57:18,Connoisseur Classic Vanilla Ice Cream,1L,N/A,$12.60,$1.26 per 100mL,https://foodlandbalaklava.com.au//lines/con-seur-i-crm-classic-van-1l-1
Foodland Balaklava,2025-05-04 23:57:18,Connoisseur Cookies And Cream Gourmet Ice Cream,400mL,was $12.60,$11.10,$2.78 per 100mL,https://foodlandbalaklava.com.au//lines/con-seur-m-p-ckies-cream-4s
Foodland Balaklava,2025-05-04 23:57:18,Connoisseur Honeycomb & Honey Ice Cream,1L,N/A,$12.60,$1.26 per 100mL,https://foodlandbalaklava.com.au//lines/con-seur-i-crm-hnycmb-1l
Foodland Balaklava,2025-05-04 23:57:18,Connoisseur Ice Cream Caramel Honey Macadamia 1,N/A,N/A,$12.60,$1.26 per 100mL,https://foodlandbalaklava.com.au//lines/con-seur-i-crm-crml-hny-macd1l-1
Foodland Balaklava,2025-05-04 23:57:18,Connoisseur Ice Cream Choc Brownie,1L,N/A,$12.60,$1.26 per 100mL,https://foodlandbalaklava.com.au//lines/con-seur-i-crm-choc-brwnie-1l
Foodland Balaklava,2025-05-04 23:57:18,Connoisseur Ice Cream Cookies & Cream 1,N/A,N/A,$12.60,$1.26 per 100mL,https://foodlandbalaklava.com.au//lines/con-seur-i-crm-cooki-crm-com1l-1
Foodland Balaklava,2025-05-04 23:57:18,Connoisseur Mango & Coconut Ice Creams,N/A,was $12.60,$11.10,$2.44 per 100mL,https://foodlandbalaklava.com.au//lines/con-seur-m-p-mango-coco-4s
Foodland Balaklava,2025-05-04 23:57:18,Connoisseur Mint & Cookies,N/A,was $12.60,$11.10,$2.44 per 100mL,https://foodlandbalaklava.com.au//lines/con-seur-m-p-mount-mint-4s
Foodland Balaklava,2025-05-04 23:57:18,Connoisseur Rocky Road Ice Cream,N/A,was $12.60,$11.10,$3.08 per 100mL,https://foodlandbalaklava.com.au//lines/con-seur-m-p-rocky-rd-4s
Foodland Balaklava,2025-05-04 23:57:18,Connoisseur Salted Caramel And Macadamia Ice Cream 4 Pack,400mL,was $12.60,$11.10,$2.78 per 100mL,https://foodlandbalaklava.com.au//lines/con-seur-m-p-sltd-crml-4s
Foodland Balaklava,2025-05-04 23:57:18,Connoisseur Salted Caramel Ice Cream,1L,N/A,$12.60,$1.26 per 100mL,https://foodlandbalaklava.com.au//lines/con-seur-i-crm-slt-caramel-1l
Foodland Balaklava,2025-05-04 23:57:18,Connoisseur Triple Choc Cookie Ice Cream '4pk',360mL,was $12.60,$11.10,$3.08 per 100mL,https://foodlandbalaklava.com.au//lines/con-seur-m-p-trpl-choc-ckie-4s
Foodland Balaklava,2025-05-04 23:57:18,Connoisseur Vanilla Caramel Brownie,1L,N/A,$12.60,$1.26 per 100mL,https://foodlandbalaklava.com.au//lines/con-seur-i-crm-van-car-brwn-1l
Foodland Balaklava,2025-05-04 23:57:18,Connoisseur Vanilla Caramel Brownie 4pk,N/A,was $12.60,$11.10,$2.43 per 100mL,https://foodlandbalaklava.com.au//lines/con-seur-m-p-van-crml-brwnie4s
Foodland Balaklava,2025-05-04 23:57:18,Continental Classics Cheesy Mash Potato Family Pack Serves 4,110g,was $4.00,$2.75,$2.50 per 100g,https://foodlandbalaklava.com.au//lines/cont-cls-chsy-msh-potato-110gm
Foodland Balaklava,2025-05-04 23:57:18,Continental Classics Cup A Soup Creamy Chicken With Croutons,60g,was $2.95,$1.40,$2.33 per 100g,https://foodlandbalaklava.com.au//lines/cupasoup-crt-crmy-chkn-2srv
Foodland Balaklava,2025-05-04 23:57:18,Continental Classics Cup A Soup Creamy Mushroom With Croutons,50g,was $2.95,$1.40,$2.80 per 100g,https://foodlandbalaklava.com.au//lines/cupasoup-crt-crmy-mroom-2srv
Foodland Balaklava,2025-05-04 23:57:18,Continental Classics Cup A Soup Original Chicken Noodle,40g,N/A,$3.15,$7.88 per 100mL,https://foodlandbalaklava.com.au//lines/cupasoup-chicken-noodle-4srv
Foodland Balaklava,2025-05-04 23:57:18,Continental Classics Cup A Soup Original Cream Of Chicken,75g,N/A,$3.15,$4.20 per 100mL,https://foodlandbalaklava.com.au//lines/cupasoup-cream-chicken-4srv
Foodland Balaklava,2025-05-04 23:57:18,Continental Classics Cup A Soup Original Cream Of Mushroom Soup,70g,N/A,$3.15,$4.50 per 100mL,https://foodlandbalaklava.com.au//lines/cupasoup-cream-mushroom-4srv
Foodland Balaklava,2025-05-04 23:57:18,Continental Classics Cup A Soup Original Spring Vegetable,60g,N/A,$3.15,$5.25 per 100mL,https://foodlandbalaklava.com.au//lines/cupasoup-spring-veg-4srv
Foodland Balaklava,2025-05-04 23:57:18,Continental Classics Cup A Soup Pepper Steak & Mushroom,52g,was $2.95,$1.40,$2.69 per 100g,https://foodlandbalaklava.com.au//lines/cupasoup-crt-pep-stk-mush-2srv
Foodland Balaklava,2025-05-04 23:57:18,Continental Classics Delicious Chicken Flavoured Rice,120g,was $3.35,$3.00,$2.50 per 100g,https://foodlandbalaklava.com.au//lines/cont-rice-chicken-120gm
Foodland Balaklava,2025-05-04 23:57:18,Continental Classics Pasta & Sauce Alfredo Garlic & Herb,145g,was $4.00,$2.75,$1.90 per 100g,https://foodlandbalaklava.com.au//lines/cont-pasta-s-alfrd-g-hrb-145gm
Foodland Balaklava,2025-05-04 23:57:18,Continental Classics Pasta & Sauce Alfredo Garlic & Herb Serves 2,85g,was $3.15,$2.75,$3.24 per 100g,https://foodlandbalaklava.com.au//lines/cont-pasta-sce-alfrd-g-hrb85gm
Foodland Balaklava,2025-05-04 23:57:18,Continental Classics Pasta & Sauce Chicken Curry,90g,was $3.15,$2.75,$3.06 per 100g,https://foodlandbalaklava.com.au//lines/cont-pasta-sce-chick-curry90gm
Foodland Balaklava,2025-05-04 23:57:18,Continental Classics Pasta & Sauce Creamy Bacon Carbonara,85g,was $3.15,$2.75,$3.24 per 100g,https://foodlandbalaklava.com.au//lines/cont-pasta-sce-bac-carbon-85gm
Foodland Balaklava,2025-05-04 23:57:18,Continental Classics Pasta & Sauce Four Cheese,170g,was $4.00,$2.75,$1.62 per 100g,https://foodlandbalaklava.com.au//lines/cont-pasta-s-4-chse-v-pk-170gm
Foodland Balaklava,2025-05-04 23:57:19,Continental Classics Pasta & Sauce Four Cheeses Serves 2,100g,was $3.15,$2.75,$2.75 per 100g,https://foodlandbalaklava.com.au//lines/cont-pasta-sce-four-chse-100gm
Foodland Balaklava,2025-05-04 23:57:19,Continental Classics Pasta & Sauce Macaroni Cheese Family Pack,170g,was $4.00,$2.75,$1.62 per 100g,https://foodlandbalaklava.com.au//lines/cont-pasta-sce-macr-chse-170gm
Foodland Balaklava,2025-05-04 23:57:19,Continental Classics Pasta & Sauce Meat-Free Bacon Carbonara,85g,N/A,$3.70,$4.35 per 100g,https://foodlandbalaklava.com.au//lines/cont-pasta-sce-vegn-carbn-85g
Foodland Balaklava,2025-05-04 23:57:19,Continental Classics Pasta & Sauce Sour Cream & Chives,145g,was $4.00,$2.75,$1.90 per 100g,https://foodlandbalaklava.com.au//lines/cont-pasta-sce-sr-crm-chv145gm
Foodland Balaklava,2025-05-04 23:57:19,Continental Classics Recipe Base Chilli Con Carne,40g,was $1.90,$1.80,$0.45 per 10g,https://foodlandbalaklava.com.au//lines/cont-r-mix-chili-con-carne40gm
Foodland Balaklava,2025-05-04 23:57:19,Continental Classics Recipe Base Rich Beef Mince,50g,was $1.90,$1.80,$0.36 per 10g,https://foodlandbalaklava.com.au//lines/cont-r-mix-rich-beefy-mince50g
Foodland Balaklava,2025-05-04 23:57:19,Continental Classics Rice Family Pack,190g,was $4.20,$2.75,$1.45 per 100g,https://foodlandbalaklava.com.au//lines/cont-rice-cheesy-v-pack-190gm
Foodland Balaklava,2025-05-04 23:57:19,Continental Classics Simmer Soup Chicken Noodle Salt Reduced,40g,N/A,$1.25,$3.12 per 100g,https://foodlandbalaklava.com.au//lines/cont-soup-chicken-ndle-s-r40gm
Foodland Balaklava,2025-05-04 23:57:19,Continental Cup A Pasta Bolognese,59g,was $2.10,$1.00,$1.69 per 100g,https://foodlandbalaklava.com.au//lines/cont-cup-a-pasta-bolognse-59g
Foodland Balaklava,2025-05-04 23:57:19,Continental Cup A Pasta Carbonara,50g,was $2.10,$1.00,$2.00 per 100g,https://foodlandbalaklava.com.au//lines/cont-cup-a-pasta-carbonra-50g
Foodland Balaklava,2025-05-04 23:57:19,Continental Cup A Pasta Macaroni & Cheese,53g,was $2.10,$1.00,$1.89 per 100g,https://foodlandbalaklava.com.au//lines/cont-cup-a-pasta-mac-chse-53g
Foodland Balaklava,2025-05-04 23:57:19,Continental Cup A Soup Classic Hearty Beef,55g,N/A,$3.15,$5.73 per 100mL,https://foodlandbalaklava.com.au//lines/cupasoup-hearty-beef-4srv
Foodland Balaklava,2025-05-04 23:57:19,Continental Instant Mashed Potato Deb Mash With Onion,115g,N/A,$2.50,$21.74 per kg,https://foodlandbalaklava.com.au//lines/deb-potato-with-onion-115gm
Foodland Balaklava,2025-05-04 23:57:19,"Continental Pasta Sensations Tomato, Parmesan & Basil With Sour Cream Serves 2",98g,N/A,$3.70,$3.78 per 100g,https://foodlandbalaklava.com.au//lines/cont-pasta-sce-cr-tom-bsl-98gm
Foodland Balaklava,2025-05-04 23:57:19,Continental Recipe Base Beef Stroganoff,40g,was $1.90,$1.80,$0.45 per 10g,https://foodlandbalaklava.com.au//lines/cont-r-mix-beef-strognoff-40gm
Foodland Balaklava,2025-05-04 23:57:19,Continental Recipe Base Creamy Chicken Curry,30g,was $1.90,$1.80,$0.60 per 10g,https://foodlandbalaklava.com.au//lines/cont-r-mix-chkn-crmy-curry30gm
Foodland Balaklava,2025-05-04 23:57:19,Continental Recipe Base Sheperds Pie,50g,was $1.90,$1.80,$0.36 per 10g,https://foodlandbalaklava.com.au//lines/cont-r-mix-shepherds-pie-50gm
Foodland Balaklava,2025-05-04 23:57:19,Continental Sensations Soup Vietnamese Chicken & Shiitake Mushroom With Vermicelli Noodles 2 Serve,40g,N/A,$3.70,$9.25 per 100mL,https://foodlandbalaklava.com.au//lines/cont-soup-sens-viet-chic-40gm
Foodland Balaklava,2025-05-04 23:57:19,Continental Sensations Stock Pot Chicken Real Concentrated Stock,112g,was $4.75,$4.45,$0.40 per 10g,https://foodlandbalaklava.com.au//lines/cont-stock-pot-chicken-4pk
Foodland Balaklava,2025-05-04 23:57:19,Continental Simmer Soup Dutch Curry & Rice,70g,N/A,$1.80,$2.57 per 100g,https://foodlandbalaklava.com.au//lines/cont-soup-dutch-curry-rice70gm
Foodland Balaklava,2025-05-04 23:57:19,Continental Soup Sensations Cheesy Broccoli & Potato With Parmesan Croutons Serves 2,56g,N/A,$3.70,$6.61 per 100g,https://foodlandbalaklava.com.au//lines/cont-soup-sens-broc-pot-56gm
Foodland Balaklava,2025-05-04 23:57:19,Continental Soup Sensations Creamy Roast Chicken & Spring Onion With Roasted Garlic Croutons,61g,N/A,$3.70,$6.07 per 100g,https://foodlandbalaklava.com.au//lines/cont-soup-sens-chk-spr-on-61gm
Foodland Balaklava,2025-05-04 23:57:19,Continental Soup Sensations Farmhouse Potato & Leek With Roasted Garlic Croutons Serves 2,60g,N/A,$3.70,$6.17 per 100g,https://foodlandbalaklava.com.au//lines/cont-soup-sens-pot-leek-60gm
Foodland Balaklava,2025-05-04 23:57:19,Continental Soup Sensations Garden Cauliflower & Four Cheese With Parmesan Croutons Serves 2,62g,N/A,$3.70,$5.97 per 100g,https://foodlandbalaklava.com.au//lines/cont-soup-sens-cauli-chs-62gm
Foodland Balaklava,2025-05-04 23:57:19,Continental Soup Sensations Harvest Pumpkin & Sour Cream With Roasted Garlic Croutons Serves 2,70g,N/A,$3.70,$5.29 per 100g,https://foodlandbalaklava.com.au//lines/cont-soup-sens-pmk-s-crm-70gm
Foodland Balaklava,2025-05-04 23:57:19,Continental Soup Sensations Mushroom & Bacon With Porcini Mushroom Serves 2,48g,N/A,$3.70,$7.71 per 100g,https://foodlandbalaklava.com.au//lines/cont-soup-sens-bac-m-rm-48gm
Foodland Balaklava,2025-05-04 23:57:19,Continental Soup Sensations Vine Ripened Tomato & Ricotta With Basil Serves 2,54g,N/A,$3.70,$6.85 per 100g,https://foodlandbalaklava.com.au//lines/cont-soup-sens-tom-ricota-54gm
Foodland Balaklava,2025-05-04 23:57:19,Continental Superb Stock Stock Powder Cooking Chicken Salt Reduced Real Chicken Base,120g,was $4.20,$3.10,$0.26 per 10g,https://foodlandbalaklava.com.au//lines/cont-stock-pwdr-chkn-sr-120gm
Foodland Balaklava,2025-05-04 23:57:19,Cookhouse BBQ Pork Spareribs,600g,N/A,$15.00,$25.00 per kg,https://foodlandbalaklava.com.au//lines/cookhouse-pork-ribs-bbq-600g
Foodland Balaklava,2025-05-04 23:57:19,Cookhouse Italian Pulled Pork,400g,was $16.90,$15.40,$38.50 per kg,https://foodlandbalaklava.com.au//lines/cookhouse-p-pork-italian-400g
Foodland Balaklava,2025-05-04 23:57:19,Cookies Wht Choc & Mac 6pk,N/A,N/A,$4.29,$0.72 Each,https://foodlandbalaklava.com.au//lines/cookies-wht-choc-mac-6pk
Foodland Balaklava,2025-05-04 23:57:19,Cool Bag Reusable Large #​1s,N/A,N/A,$5.80,N/A,https://foodlandbalaklava.com.au//lines/cool-bag-reusable-large-1
Foodland Balaklava,2025-05-04 23:57:19,Cool Ridge Raspberry Flavoured Australian Spring Water,750mL,was $3.90,$3.50,$4.67 per L,https://foodlandbalaklava.com.au//lines/cool-ridge-spr-watr-rasp-750ml
Foodland Balaklava,2025-05-04 23:57:19,Cool Ridge Still Spring Water Bottle,1L,was $2.90,$2.75,$2.75 per L,https://foodlandbalaklava.com.au//lines/cool-ridge-spr-wtr-pet-1l
Foodland Balaklava,2025-05-04 23:57:19,Cool Ridge Still Spring Water Bottle Australian,600mL,was $2.75,$2.45,$4.08 per L,https://foodlandbalaklava.com.au//lines/cool-ridge-spr-wtr-pet-600ml
Foodland Balaklava,2025-05-04 23:57:19,Cooler Bag,N/A,N/A,$12.00,N/A,https://foodlandbalaklava.com.au//lines/cooler-bag
Foodland Balaklava,2025-05-04 23:57:19,Cooler Bag Tote *,N/A,N/A,$12.00,N/A,https://foodlandbalaklava.com.au//lines/cooler-bag-tote
Foodland Balaklava,2025-05-04 23:57:19,Coopers Aust Pale Ale,1.7kg,N/A,$19.95,$1.17 per 100g,https://foodlandbalaklava.com.au//lines/coopers-aust-pale-ale-1-7kg
Foodland Balaklava,2025-05-04 23:57:19,Coopers Carbonation Drps#​250gm,N/A,N/A,$4.75,$1.90 per 100g,https://foodlandbalaklava.com.au//lines/coopers-carbonation-drps-250gm
Foodland Balaklava,2025-05-04 23:57:19,Coopers Crown Seals 100pk,N/A,N/A,$5.45,$0.05 Each,https://foodlandbalaklava.com.au//lines/coopers-crown-seals-pk100
Foodland Balaklava,2025-05-04 23:57:19,Coopers Dextrose #​1kg,N/A,N/A,$8.65,$0.86 per 100g,https://foodlandbalaklava.com.au//lines/coopers-dextrose-1kg
Foodland Balaklava,2025-05-04 23:57:19,Coopers Home Brew Draught,1.7kg,N/A,$17.85,$1.05 per 100g,https://foodlandbalaklava.com.au//lines/coopers-brew-conc-draught1-7kg-1
Foodland Balaklava,2025-05-04 23:57:19,Coopers Home Brew Real Ale,1.7kg,N/A,$17.85,$1.05 per 100g,https://foodlandbalaklava.com.au//lines/coopers-brew-conc-r-ale-1-7kg-1
Foodland Balaklava,2025-05-04 23:57:19,Coopers Light Malt #​500gm,N/A,N/A,$10.50,$2.10 per 100g,https://foodlandbalaklava.com.au//lines/coopers-light-malt-500gm-1
Foodland Balaklava,2025-05-04 23:57:19,Coopers Ultra Light Birell Beer Bottle,6 x 375mL,N/A,$10.00,$0.44 per 100mL,https://foodlandbalaklava.com.au//lines/birell-brewd-bev-btle-6x375ml
Foodland Balaklava,2025-05-04 23:57:19,Coopex Residual Insecticide,25g,N/A,$19.00,N/A,https://foodlandbalaklava.com.au//lines/coopex-residual-insecticide-25gm
Foodland Balaklava,2025-05-04 23:57:19,Core Remover,N/A,N/A,$3.95,N/A,https://foodlandbalaklava.com.au//lines/core-remover
Foodland Balaklava,2025-05-04 23:57:19,Corelle Bowl Winter Frost White,N/A,N/A,$8.93,N/A,https://foodlandbalaklava.com.au//lines/corelle-soup-cereal-bowl-500ml-1
Foodland Balaklava,2025-05-04 23:57:20,Corelle Bowl Winter Frost White 1 Qt,N/A,N/A,$11.55,N/A,https://foodlandbalaklava.com.au//lines/corelle-bowl-serving-wht-950ml-1
Foodland Balaklava,2025-05-04 23:57:20,Corn On The Cob 8pc Set,N/A,N/A,$3.95,N/A,https://foodlandbalaklava.com.au//lines/corn-on-the-cob-8pc-set
Foodland Balaklava,2025-05-04 23:57:20,Cornetto Soft Ice Cream Cone Cookies & Chocolate,4 x 140mL,was $13.15,$6.25,$1.12 per 100mL,https://foodlandbalaklava.com.au//lines/str-m-p-cornetto-ckie-choc-4s
Foodland Balaklava,2025-05-04 23:57:20,Cornetto Soft Ice Cream Cone Vanilla With Chocolate Sauce,4 x 140mL,was $13.15,$6.25,$1.12 per 100mL,https://foodlandbalaklava.com.au//lines/str-m-p-cornetto-van-choc-4s
Foodland Balaklava,2025-05-04 23:57:20,Cornwell's Lancashire Relish,500mL,N/A,$6.30,$1.26 per 100mL,https://foodlandbalaklava.com.au//lines/c-well-relish-lancashire-500ml
Foodland Balaklava,2025-05-04 23:57:20,Cornwell's Malt Vinegar,375mL,N/A,$2.65,$0.71 per 100mL,https://foodlandbalaklava.com.au//lines/c-well-vinegar-brn-malt-375ml
Foodland Balaklava,2025-05-04 23:57:20,Cornwell's Malt Vinegar,750mL,N/A,$3.70,$0.49 per 100mL,https://foodlandbalaklava.com.au//lines/c-well-vinegar-brn-malt-750ml
Foodland Balaklava,2025-05-04 23:57:20,Cornwell's Mint Sauce,200mL,N/A,$2.65,$1.32 per 100mL,https://foodlandbalaklava.com.au//lines/c-well-sce-mint-200ml
Foodland Balaklava,2025-05-04 23:57:20,Cornwells Apple Cider Vinegar,2L,N/A,$7.35,$0.37 per 100mL,https://foodlandbalaklava.com.au//lines/c-well-vinegar-cider-2l
Foodland Balaklava,2025-05-04 23:57:20,Cornwells Vinegar Cider Org,500mL,N/A,$5.95,$1.19 per 100mL,https://foodlandbalaklava.com.au//lines/c-well-vinegar-cider-org-500ml
Foodland Balaklava,2025-05-04 23:57:20,Costas Bisk G/​Bread Man,70g,N/A,$4.30,N/A,https://foodlandbalaklava.com.au//lines/costas-bisk-g-bread-man-70g
Foodland Balaklava,2025-05-04 23:57:20,Costas Bisk G/​F Ch/​Chip Ckie,70g,N/A,$4.30,N/A,https://foodlandbalaklava.com.au//lines/costas-bisk-g-f-ch-chip-ckie-70g
Foodland Balaklava,2025-05-04 23:57:20,Costas Bisk G/​F Van Yoyo,70g,N/A,$4.30,N/A,https://foodlandbalaklava.com.au//lines/costas-bisk-g-f-van-yoyo-70g
Foodland Balaklava,2025-05-04 23:57:20,Cottage Garden Seeds Mixture,N/A,N/A,$3.60,N/A,https://foodlandbalaklava.com.au//lines/packet-seeds-cottage-garden
Foodland Balaklava,2025-05-04 23:57:20,Cottee's® Blackberry Jam,375g,N/A,$3.50,$0.93 per 100g,https://foodlandbalaklava.com.au//lines/cott-jam-blackberry-375gm
Foodland Balaklava,2025-05-04 23:57:20,Cottee's® Plum Jam,375g,N/A,$3.50,$0.93 per 100g,https://foodlandbalaklava.com.au//lines/cott-jam-plum-375gm
Foodland Balaklava,2025-05-04 23:57:20,Cottee's® Raspberry Jam,375g,N/A,$3.50,$0.93 per 100g,https://foodlandbalaklava.com.au//lines/cott-jam-raspberry-375gm
Foodland Balaklava,2025-05-04 23:57:20,Cottee's® Thick 'N' Rich Caramel Flavoured Topping,575g,N/A,$4.75,$0.83 per 100g,https://foodlandbalaklava.com.au//lines/cott-topp-sqz-caramel-575gm
Foodland Balaklava,2025-05-04 23:57:20,Cottees Apple & Raspberry Cordial With 40% Fruit Juice Bottle,1L,was $5.90,$2.95,$2.95 per L,https://foodlandbalaklava.com.au//lines/cott-cord-apple-raspberry-1l
Foodland Balaklava,2025-05-04 23:57:20,Cottees Zero Sugar Cordial Fruit Cup Cordial Bottle,1L,N/A,$5.90,$5.90 per L,https://foodlandbalaklava.com.au//lines/cott-cord-fruit-cup-z-sug-1l
Foodland Balaklava,2025-05-04 23:57:20,Cottees Zero Sugar Cordial Lemon Cordial Lemon Crush Bottle,1L,was $5.90,$2.95,$2.95 per L,https://foodlandbalaklava.com.au//lines/cott-cord-lemon-crush-z-sug-1l
Foodland Balaklava,2025-05-04 23:57:20,Cottees Zero Sugar Cordial Orange Cordial Orange Crush Bottle,1L,was $5.90,$2.95,$2.95 per L,https://foodlandbalaklava.com.au//lines/cott-cord-orange-z-sug-1l
Foodland Balaklava,2025-05-04 23:57:20,Cotton Twine,100m,N/A,$2.63,N/A,https://foodlandbalaklava.com.au//lines/f-guru-twine-cotton-100m
Foodland Balaklava,2025-05-04 23:57:20,Cottons Napkins Ultra Thin Wings Regular 14pk,N/A,was $6.10,$5.15,$0.37 Each,https://foodlandbalaklava.com.au//lines/cottons-pad-u-thn-reg-wing-14s
Foodland Balaklava,2025-05-04 23:57:20,Cottons Tampon 100% Super #​16s,N/A,was $6.10,$5.15,$0.32 Each,https://foodlandbalaklava.com.au//lines/cottons-tampon-100-super-16s
Foodland Balaklava,2025-05-04 23:57:20,Cottons Tampons Regular 16 Pack,N/A,was $6.10,$5.15,$0.32 Each,https://foodlandbalaklava.com.au//lines/cottons-tampon-100-reg-16s
Foodland Balaklava,2025-05-04 23:57:20,Country Chef Meringue Kisses,100g,N/A,$7.35,$7.35 per 100g,https://foodlandbalaklava.com.au//lines/c-chef-meringue-kisses-va100gm
Foodland Balaklava,2025-05-04 23:57:20,Country Chef Single Pavlovas,140g,N/A,$6.60,$1.18 per 100g,https://foodlandbalaklava.com.au//lines/c-chef-pavlova-s-s-140gm-x-4pk
Foodland Balaklava,2025-05-04 23:57:20,Country Delight Snowballs,8 x 25g,N/A,$4.20,$2.10 per 100g,https://foodlandbalaklava.com.au//lines/c-delight-snowballs-8pk-200gm
Foodland Balaklava,2025-05-04 23:57:20,Country Fresh Crunchy Dill Gherkins,1.9kg,was $8.70,$7.70,$4.05 per kg,https://foodlandbalaklava.com.au//lines/c-fresh-g-kin-dill-1-9kg
Foodland Balaklava,2025-05-04 23:57:20,Country Fresh Dill Gherkins,680g,was $4.00,$3.90,$5.74 per kg,https://foodlandbalaklava.com.au//lines/c-fresh-g-kin-dill-680gm
Foodland Balaklava,2025-05-04 23:57:20,Country Fresh Sliced Mushrooms,425g,N/A,$2.95,$0.69 per 100g,https://foodlandbalaklava.com.au//lines/c-fresh-sliced-champignon-425gm
Foodland Balaklava,2025-05-04 23:57:20,Country Fresh Sweet & Sour Gherkins,680g,was $4.00,$3.90,$0.57 per 100g,https://foodlandbalaklava.com.au//lines/c-fresh-swt-sour-gherkins-680g
Foodland Balaklava,2025-05-04 23:57:20,Country Life Soap For Tradies,150g,was $4.95,$4.70,$3.13 per 100g,https://foodlandbalaklava.com.au//lines/c-life-soap-for-tradies-150gm
Foodland Balaklava,2025-05-04 23:57:20,Country Style Magazine 1pk,N/A,N/A,$10.20,N/A,https://foodlandbalaklava.com.au//lines/country-style
Foodland Balaklava,2025-05-04 23:57:20,Coyo Dairy Free Vanilla Custard,500g,N/A,$6.20,$1.24 per 100g,https://foodlandbalaklava.com.au//lines/coyo-vanilla-custard-500g
Foodland Balaklava,2025-05-04 23:57:20,Coyo Yoghurt Alternative Natural Coconut,500g,N/A,$8.90,N/A,https://foodlandbalaklava.com.au//lines/coyo-nat-org-c-nut-ygt-500g
Foodland Balaklava,2025-05-04 23:57:20,Cracker Barrel Cheese Extra Sharp Vintage,250g,was $9.65,$7.50,$30.00 per kg,https://foodlandbalaklava.com.au//lines/cr-barrel-chse-x-shrp-vin250gm
Foodland Balaklava,2025-05-04 23:57:20,Cracker Barrel Special Reserve Block,250g,was $9.65,$7.50,$30.00 per kg,https://foodlandbalaklava.com.au//lines/cr-barrel-chse-s-rsv-vin-250gm
Foodland Balaklava,2025-05-04 23:57:20,Crackr Bar Chse X/​Shr Blk500gm,N/A,was $14.50,$10.90,$21.80 per kg,https://foodlandbalaklava.com.au//lines/cr-barrel-chse-x-shrp-blk500gm
Foodland Balaklava,2025-05-04 23:57:20,Crankt Protein Salted Caramel 60g,20g,N/A,$4.75,$7.92 per 100g,https://foodlandbalaklava.com.au//lines/crankt-bar-prot-sltd-crml-60gm
Foodland Balaklava,2025-05-04 23:57:20,Crankt Premium Protein Shake Banana,400mL,N/A,$5.80,$1.45 per 100mL,https://foodlandbalaklava.com.au//lines/crankt-prot-shke-banana-400ml
Foodland Balaklava,2025-05-04 23:57:20,Crankt Premium Protein Shake Chocolate,400mL,N/A,$5.80,$1.45 per 100mL,https://foodlandbalaklava.com.au//lines/crankt-prot-shke-choc-400ml
Foodland Balaklava,2025-05-04 23:57:20,Creamy Pasta Rw,N/A,N/A,$12.00,N/A,https://foodlandbalaklava.com.au//lines/s-fresh-creamy-pasta-rw
Foodland Balaklava,2025-05-04 23:57:20,Creative Foods Garlic Bread,N/A,N/A,$5.90,$1.18 per 100g,https://foodlandbalaklava.com.au//lines/c-foods-brd-grlc-2pk-500g
Foodland Balaklava,2025-05-04 23:57:20,Creative Gourmet Banana,500g,N/A,$5.25,$10.50 per kg,https://foodlandbalaklava.com.au//lines/creat-gourm-banana-500gm
Foodland Balaklava,2025-05-04 23:57:20,Creative Gourmet Frozen Mixed Berries,900g,N/A,$10.50,$11.67 per kg,https://foodlandbalaklava.com.au//lines/creat-gourm-mix-berries-900gm
Foodland Balaklava,2025-05-04 23:57:20,"Creative Gourmet Mango, Banana & Pineapple Mix",400g,was $5.95,$5.50,$13.75 per kg,https://foodlandbalaklava.com.au//lines/creat-gourm-mix-fruit-400g
Foodland Balaklava,2025-05-04 23:57:22,Crest Timer 24hr Manual,N/A,N/A,$16.00,N/A,https://foodlandbalaklava.com.au//lines/crest-timer-24hr-manual
Foodland Balaklava,2025-05-04 23:57:22,Crest Usb Power Board 4 Sockets 2 Ports 1.​2,N/A,N/A,$31.50,N/A,https://foodlandbalaklava.com.au//lines/crest-surge-pwrbrd-4soc-2usb
Foodland Balaklava,2025-05-04 23:57:22,Cricket Lighter Eco Mini 1st,N/A,N/A,$2.10,N/A,https://foodlandbalaklava.com.au//lines/cricket-lighter-eco-mini-1st
Foodland Balaklava,2025-05-04 23:57:22,Cricket Lighter Eco Orig 1st,N/A,N/A,$2.40,N/A,https://foodlandbalaklava.com.au//lines/cricket-lighter-eco-orig-1st
Foodland Balaklava,2025-05-04 23:57:22,Crisco Canola Oil,2L,N/A,$12.00,$0.60 per 100mL,https://foodlandbalaklava.com.au//lines/crisco-oil-canola-2l
Foodland Balaklava,2025-05-04 23:57:22,Crisco Canola Oil,750mL,N/A,$5.80,$0.77 per 100mL,https://foodlandbalaklava.com.au//lines/crisco-oil-canola-750ml
Foodland Balaklava,2025-05-04 23:57:22,Crisco Premium 100% Pure Peanut Oil,750mL,was $9.45,$8.25,$1.10 per 100mL,https://foodlandbalaklava.com.au//lines/crisco-oil-peanut-750ml
Foodland Balaklava,2025-05-04 23:57:22,Crisco Sunflower Oil,750mL,was $7.90,$5.65,$0.75 per 100mL,https://foodlandbalaklava.com.au//lines/crisco-oil-sunflower-750ml
Foodland Balaklava,2025-05-04 23:57:22,Crisp Starch Ironing Spray,385g,N/A,$9.65,$2.51 per 100g,https://foodlandbalaklava.com.au//lines/crisp-starch-spray-385gm
Foodland Balaklava,2025-05-04 23:57:22,Crispy Fruits Freeze Dried Pineapple,10g,N/A,$2.10,$2.10 per 10g,https://foodlandbalaklava.com.au//lines/h-attack-crisp-frt-p-app-g-f-10g-1
Foodland Balaklava,2025-05-04 23:57:22,Csr All Natural Buttercream Icing Mix Chocolate,250g,was $3.40,$2.90,$1.16 per 100g,https://foodlandbalaklava.com.au//lines/csr-icing-btrcrm-choc-250gm
Foodland Balaklava,2025-05-04 23:57:22,Csr All Natural Buttercream Icing Mix Vanilla,250g,was $3.40,$2.90,$1.16 per 100g,https://foodlandbalaklava.com.au//lines/csr-icing-bttrcrm-van-250gm
Foodland Balaklava,2025-05-04 23:57:22,Csr Dark Brown Sugar,1kg,N/A,$6.05,$0.60 per 100g,https://foodlandbalaklava.com.au//lines/csr-dark-brown-sugar-1kg
Foodland Balaklava,2025-05-04 23:57:22,Csr Jam Setting Sugar,500g,N/A,$3.15,$0.63 per 100g,https://foodlandbalaklava.com.au//lines/csr-jam-setting-sugar-500gm
Foodland Balaklava,2025-05-04 23:57:22,Csr Premium Coffee Sugar Crystals,500g,N/A,$3.45,$0.69 per 100g,https://foodlandbalaklava.com.au//lines/csr-coffee-crystals-500gm
Foodland Balaklava,2025-05-04 23:57:22,Csr Premium Demerara Sugar,375g,N/A,$3.70,$0.99 per 100g,https://foodlandbalaklava.com.au//lines/csr-demerara-sugar-gldn-375gm
Foodland Balaklava,2025-05-04 23:57:22,Csr Pure Icing Sugar,500g,N/A,$2.50,$0.50 per 100g,https://foodlandbalaklava.com.au//lines/csr-icing-sugar-pure-uprt500gm
Foodland Balaklava,2025-05-04 23:57:22,Csr Raw Caster Sugar,750g,N/A,$4.20,$0.56 per 100g,https://foodlandbalaklava.com.au//lines/csr-caster-sugar-raw-750gm
Foodland Balaklava,2025-05-04 23:57:22,Csr Raw Sugar,500g,N/A,$2.00,$0.40 per 100g,https://foodlandbalaklava.com.au//lines/csr-raw-sugar-500gm
Foodland Balaklava,2025-05-04 23:57:22,Csr Raw Sugar Sticks 50 Pack,150g,N/A,$3.70,$2.47 per 100g,https://foodlandbalaklava.com.au//lines/csr-raw-sugar-sticks-150gx12
Foodland Balaklava,2025-05-04 23:57:22,Csr Smart White Sugar Blend,500g,N/A,$3.85,$0.77 per 100g,https://foodlandbalaklava.com.au//lines/csr-smart-blnd-wht-sugar-500gm
Foodland Balaklava,2025-05-04 23:57:22,Csr Treacle Syrup,850g,N/A,$6.30,$0.74 per 100g,https://foodlandbalaklava.com.au//lines/csr-treacle-850gm
Foodland Balaklava,2025-05-04 23:57:22,Csr White Sugar,1kg,N/A,$2.60,$0.26 per 100g,https://foodlandbalaklava.com.au//lines/csr-white-sugar-1kg
Foodland Balaklava,2025-05-04 23:57:22,Csr White Sugar,2kg,N/A,$4.00,$0.20 per 100g,https://foodlandbalaklava.com.au//lines/csr-white-sugar-2kg
Foodland Balaklava,2025-05-04 23:57:22,Csr White Sugar,500g,N/A,$1.95,$0.39 per 100g,https://foodlandbalaklava.com.au//lines/csr-white-sugar-500gm-1
Foodland Balaklava,2025-05-04 23:57:22,Csr White Sugar Sticks 50 Pack,150g,N/A,$3.55,$2.37 per 100g,https://foodlandbalaklava.com.au//lines/csr-white-sugar-prem-stks150gm
Foodland Balaklava,2025-05-04 23:57:22,Cucina Cl Gnocchi Al Ragu,300g,N/A,$9.79,$2.80 per 100g,https://foodlandbalaklava.com.au//lines/cucina-cl-gnocchi-al-ragu-300g
Foodland Balaklava,2025-05-04 23:57:22,Cucina Classica 1serve Lasagne Tradizionali,350g,N/A,$9.79,$2.80 per 100g,https://foodlandbalaklava.com.au//lines/cucina-lasagne-classica-350g
Foodland Balaklava,2025-05-04 23:57:22,Cucina Classica 1serve Penne All Arrabbiata,300g,N/A,$9.79,$2.80 per 100g,https://foodlandbalaklava.com.au//lines/cucina-penne-all-arrabbiata-300g
Foodland Balaklava,2025-05-04 23:57:22,Cucina Classica 1serve Tagliatelle Al Ragu,300g,N/A,$9.79,$2.80 per 100g,https://foodlandbalaklava.com.au//lines/cucina-tagliatelle-al-ragu-300g
Foodland Balaklava,2025-05-04 23:57:22,Cucina Classica Crema Beans,500g,N/A,$16.50,$3.30 per 100g,https://foodlandbalaklava.com.au//lines/cucina-cl-coffee-beans-crema-500gm
Foodland Balaklava,2025-05-04 23:57:22,Cucina Classica Ravioli In Napoletana Sauce,350g,N/A,$9.79,$2.80 per 100g,https://foodlandbalaklava.com.au//lines/cucina-cl-ravioli-napoletan-350g
Foodland Balaklava,2025-05-04 23:57:22,Cucina Classica Rigatoni Pasta With Beef Bolognese Sauce,320g,N/A,$9.79,$2.80 per 100g,https://foodlandbalaklava.com.au//lines/cucina-rigatoni-bolognese-320g
Foodland Balaklava,2025-05-04 23:57:22,Cucina Classica Spaghetti Meatball,350g,N/A,$9.79,$2.80 per 100g,https://foodlandbalaklava.com.au//lines/cucina-spaghetti-con-polpette-350g
Foodland Balaklava,2025-05-04 23:57:22,Cucumber Baby Lebanese,750g,N/A,$6.75,$9.00 per kg,https://foodlandbalaklava.com.au//lines/cucumber-baby-lebanese-750g
Foodland Balaklava,2025-05-04 23:57:22,Cucumbers Apple,N/A,N/A,$9.40,N/A,https://foodlandbalaklava.com.au//lines/cucumbers-apple-1
Foodland Balaklava,2025-05-04 23:57:22,Cuddles,N/A,N/A,$13.99,N/A,https://foodlandbalaklava.com.au//lines/cuddles-4
Foodland Balaklava,2025-05-04 23:57:22,"Cuddly Concentrate Liquid Fabric Softener Conditioner , 45 Washes, White Lily And French Vanilla",900mL,was $11.05,$5.25,$5.83 per L,https://foodlandbalaklava.com.au//lines/cuddly-collect-ltd-editn-900ml
Foodland Balaklava,2025-05-04 23:57:22,"Cuddly Concentrate Liquid Fabric Softener Conditioner, , 45 Washes, Japanese Cherry Blossom, Long Lasting Fragrance",900mL,was $11.05,$5.25,$5.83 per L,https://foodlandbalaklava.com.au//lines/cuddly-collect-chry-blsm-900ml
Foodland Balaklava,2025-05-04 23:57:22,"Cuddly Concentrate Liquid Fabric Softener Conditioner, , 50 Washes, Sensitive, Long Lasting Fragrance",1L,was $11.05,$5.25,$5.25 per L,https://foodlandbalaklava.com.au//lines/cuddly-fab-sft-ult-sens-1l
Foodland Balaklava,2025-05-04 23:57:22,"Cuddly Concentrate Liquid Fabric Softener Conditioner, , 50 Washes, Sunshine Fresh, Long Lasting Fragrance",1L,was $11.05,$5.25,$5.25 per L,https://foodlandbalaklava.com.au//lines/cuddly-fab-sft-ult-sun-frsh-1l
Foodland Balaklava,2025-05-04 23:57:22,"Cuddly Liquid Fabric Softener Conditioner, , Makes , Classic Fresh Refill Sachet, Long Lasting Fragrance 300ml",2L,was $4.20,$3.50,$11.67 per L,https://foodlandbalaklava.com.au//lines/cuddly-fab-sft-sach-clsc-300ml
Foodland Balaklava,2025-05-04 23:57:22,Culinary Classica Lasagne Tradizionali,1.75kg,N/A,$29.50,$16.86 per kg,https://foodlandbalaklava.com.au//lines/cucina-lasagna-1-75kg
Foodland Balaklava,2025-05-04 23:57:22,Curash Simply Water Baby Wipes 80 Pack,N/A,N/A,$6.00,$7.50 Units100,https://foodlandbalaklava.com.au//lines/curash-wipes-water-80s
Foodland Balaklava,2025-05-04 23:57:22,Curried Sausages,N/A,N/A,$24.00,N/A,https://foodlandbalaklava.com.au//lines/crumbed-sausages-1
Foodland Balaklava,2025-05-04 23:57:22,Curry Beef Goulash Per Kg,N/A,N/A,$28.50,N/A,https://foodlandbalaklava.com.au//lines/curry-beef-goulash-per-kg
Foodland Balaklava,2025-05-04 23:57:22,Curry Irish Lamb Stew Per Kg,N/A,N/A,$28.50,N/A,https://foodlandbalaklava.com.au//lines/curry-irish-lamb-stew-per-kg
Foodland Balaklava,2025-05-04 23:57:22,Curry L/​Grass C/​Nut Chicken Per Kg,N/A,N/A,$28.50,N/A,https://foodlandbalaklava.com.au//lines/curry-l-grass-c-nut-chicken-per-kg
Foodland Balaklava,2025-05-04 23:57:23,Curry Tikka Masala Per Kg,N/A,N/A,$28.50,N/A,https://foodlandbalaklava.com.au//lines/curry-tikka-masala-per-kg
Foodland Balaklava,2025-05-04 23:57:23,Cussons Original Source Shower Gel Vanilla & Raspberry,250mL,N/A,$5.25,$2.10 per 100mL,https://foodlandbalaklava.com.au//lines/org-srce-shw-gel-van-rasp250ml
Foodland Balaklava,2025-05-04 23:57:23,Cussons Original Sourcelime Shower Gel,250mL,N/A,$5.25,$2.10 per 100mL,https://foodlandbalaklava.com.au//lines/org-srce-shw-gel-lime-250ml
Foodland Balaklava,2025-05-04 23:57:23,Cussons Prize Medal Oatmeal,5 x 90g,N/A,$5.25,$1.17 per 100g,https://foodlandbalaklava.com.au//lines/cussons-soap-oatmeal-5x90gm
Foodland Balaklava,2025-05-04 23:57:23,Cutex Acetone Free Nail Polish Remover,100mL,was $6.30,$5.00,$5.00 per 100mL,https://foodlandbalaklava.com.au//lines/cutex-n-p-remv-non-acetn-100ml
Foodland Balaklava,2025-05-04 23:57:23,Cutex Moisture Guard Nail Polish Remover,100mL,was $6.30,$5.00,$5.00 per 100mL,https://foodlandbalaklava.com.au//lines/cutex-n-p-remv-mst-gard-100ml
Foodland Balaklava,2025-05-04 23:57:23,Cutex Nail Polish Remover Strengthening,100mL,was $6.30,$5.00,$5.00 per 100mL,https://foodlandbalaklava.com.au//lines/cutex-n-p-remv-strnthnr-100ml
Foodland Balaklava,2025-05-04 23:57:23,Cutex Nourishing Nail Polish Remover,100mL,was $6.30,$5.00,$5.00 per 100mL,https://foodlandbalaklava.com.au//lines/cutex-n-p-remv-nourish-100ml
Foodland Balaklava,2025-05-04 23:57:23,D'orsogna,N/A,N/A,$13.15,$32.88 per kg,https://foodlandbalaklava.com.au//lines/dors-tasty-sticks-ht-spc-400gm
Foodland Balaklava,2025-05-04 23:57:23,D.​T Brown Cherry Bell Radish Seeds,N/A,N/A,$3.60,N/A,https://foodlandbalaklava.com.au//lines/packet-seed-rdsh-chry-500-seed
Foodland Balaklava,2025-05-04 23:57:23,D.​T. Brown Chive Seeds,N/A,N/A,$3.60,N/A,https://foodlandbalaklava.com.au//lines/packet-seeds-chives
Foodland Balaklava,2025-05-04 23:57:23,D.​T. Brown Crackerjack Marigold Seeds,N/A,N/A,$3.60,N/A,https://foodlandbalaklava.com.au//lines/packet-seeds-marigold
Foodland Balaklava,2025-05-04 23:57:23,D.​T. Brown English Medania Spinach Seeds,N/A,N/A,$3.60,N/A,https://foodlandbalaklava.com.au//lines/packet-seed-spinach-eng-500-seed
Foodland Balaklava,2025-05-04 23:57:23,D.​T. Brown Fordhook Giant Silver Beet Seeds,N/A,N/A,$3.60,N/A,https://foodlandbalaklava.com.au//lines/packet-seed-sil-beet-fdgt-300sd
Foodland Balaklava,2025-05-04 23:57:23,D.​T. Brown French Breakfast Radish Seeds,N/A,N/A,$3.60,N/A,https://foodlandbalaklava.com.au//lines/packet-seed-radish-500-seeds
Foodland Balaklava,2025-05-04 23:57:23,D.​T. Brown Iceberg Lettuce Seeds,N/A,N/A,$3.60,N/A,https://foodlandbalaklava.com.au//lines/packet-seed-lettuce-iceberg-750-seed
Foodland Balaklava,2025-05-04 23:57:23,D.​T. Brown Lady’​S Finger Okra Seeds,N/A,N/A,$3.60,N/A,https://foodlandbalaklava.com.au//lines/packet-seed-okra-lady-s-finger-50-seed
Foodland Balaklava,2025-05-04 23:57:23,D.​T. Brown Pak Choi Seeds,N/A,N/A,$3.60,N/A,https://foodlandbalaklava.com.au//lines/packet-seed-pak-choi-500-seed
Foodland Balaklava,2025-05-04 23:57:23,D.​T. Brown Pumpkin Butternut Seeds,N/A,N/A,$3.60,N/A,https://foodlandbalaklava.com.au//lines/packet-seed-pumpkin-b-nt-25-seed
Foodland Balaklava,2025-05-04 23:57:23,D.​T. Brown Red & Green Lettuce Seeds,N/A,N/A,$3.60,N/A,https://foodlandbalaklava.com.au//lines/packet-seed-lettce-sld-1250-seed
Foodland Balaklava,2025-05-04 23:57:23,D.​T. Brown Rocket Seeds,N/A,N/A,$3.60,N/A,https://foodlandbalaklava.com.au//lines/packet-seed-rocket-1000-seed
Foodland Balaklava,2025-05-04 23:57:23,D.​T. Brown Snow Pea Seeds,N/A,N/A,$3.60,N/A,https://foodlandbalaklava.com.au//lines/packet-seeds-snow-peas
Foodland Balaklava,2025-05-04 23:57:23,D.​T. Brown Spring Onion Seeds,N/A,N/A,$3.60,N/A,https://foodlandbalaklava.com.au//lines/packet-seed-spr-onion-650-seed
Foodland Balaklava,2025-05-04 23:57:23,D.​T. Brown Tomato Grosslisse Seeds,N/A,N/A,$3.60,N/A,https://foodlandbalaklava.com.au//lines/packet-seed-tomato-gr-ls-75-seed
Foodland Balaklava,2025-05-04 23:57:23,D.​T.​Brown Alpine Strawberry Seeds,N/A,N/A,$3.60,N/A,https://foodlandbalaklava.com.au//lines/packet-seed-strawberry-alpine-100-seeds
Foodland Balaklava,2025-05-04 23:57:23,D/​Dale Btr Pat,250g,was $5.55,$5.00,$2.00 per 100g,https://foodlandbalaklava.com.au//lines/d-dale-butter-pat-250gm-1
Foodland Balaklava,2025-05-04 23:57:23,D/​Farm Crm Sour Lght,130g,N/A,$2.30,$1.77 per 100g,https://foodlandbalaklava.com.au//lines/d-farm-crm-sour-lght-130g
Foodland Balaklava,2025-05-04 23:57:23,D/​Ko Cups Paper Colours 15s,N/A,N/A,$4.73,$0.32 Each,https://foodlandbalaklava.com.au//lines/d-ko-cups-paper-colours-15s
Foodland Balaklava,2025-05-04 23:57:23,Dad's Pure Water - Exchange,15L,N/A,$12.00,$0.80 per L,https://foodlandbalaklava.com.au//lines/dad-s-pure-water-15lt-exchange
Foodland Balaklava,2025-05-04 23:57:23,Dad's Pure Water -1st Buy- No Swap,15L,N/A,$22.50,$1.50 per L,https://foodlandbalaklava.com.au//lines/dad-s-pure-water-15lt-1st-buy-no-swap
Foodland Balaklava,2025-05-04 23:57:23,Daily Juice Co Blends Tropical Twist,1L,N/A,$4.75,$4.75 per L,https://foodlandbalaklava.com.au//lines/daily-jce-co-tropical-1l
Foodland Balaklava,2025-05-04 23:57:23,Daily Juice Co Cloudy Apple Juice,2L,N/A,$6.20,$3.10 per L,https://foodlandbalaklava.com.au//lines/daily-jce-co-apple-f-sq-clr-2l
Foodland Balaklava,2025-05-04 23:57:23,Dairy Farmers Classic Maltesers Choc Flavoured Chocolate Milk Drink,500mL,N/A,$3.50,$0.70 per 100mL,https://foodlandbalaklava.com.au//lines/d-farm-clas-maltesers-500ml
Foodland Balaklava,2025-05-04 23:57:23,Dairy Farmers Classic Mars Bar Choc Flavoured Chocolate Milk Drink,500mL,N/A,$3.50,$0.70 per 100mL,https://foodlandbalaklava.com.au//lines/d-farm-clas-mars-500ml
Foodland Balaklava,2025-05-04 23:57:23,Dairy Farmers Classic Mint Choc Chip,500mL,was $4.15,$2.90,$5.80 per L,https://foodlandbalaklava.com.au//lines/d-farm-clas-mint-choc-chip-500ml
Foodland Balaklava,2025-05-04 23:57:23,Dairy Farmers Classic Waffle Cone,500mL,was $4.15,$2.90,$5.80 per L,https://foodlandbalaklava.com.au//lines/d-farm-clas-waffle-cone-500ml
Foodland Balaklava,2025-05-04 23:57:23,Dairy Farmers Coffee Milk,600mL,was $3.90,$2.90,$4.83 per L,https://foodlandbalaklava.com.au//lines/classic-milk-coffee-600ml-1
Foodland Balaklava,2025-05-04 23:57:23,Dairy Farmers Heart Active Cholesterol Lowering Light Milk,1L,was $3.90,$3.70,$3.70 per L,https://foodlandbalaklava.com.au//lines/d-farm-milk-heart-active-1l
Foodland Balaklava,2025-05-04 23:57:23,Dairy Farmers Mocha Milk,600mL,was $3.90,$2.90,$4.83 per L,https://foodlandbalaklava.com.au//lines/pura-classic-mocha-600ml-1
Foodland Balaklava,2025-05-04 23:57:23,Dairy Farmers Salted Butter,500g,was $7.60,$7.25,$1.45 per 100g,https://foodlandbalaklava.com.au//lines/d-farm-btr-sltd-blk-500gm
Foodland Balaklava,2025-05-04 23:57:23,Dairy Farmers Strawberry Milk,375mL,was $2.70,$2.35,$6.27 per L,https://foodlandbalaklava.com.au//lines/d-farm-milk-clas-stwbry-375ml
Foodland Balaklava,2025-05-04 23:57:23,Dairy Farmers Strawberry Milk,600mL,was $3.90,$2.90,$4.83 per L,https://foodlandbalaklava.com.au//lines/classic-milk-strawberry-600ml-1
Foodland Balaklava,2025-05-04 23:57:23,Dairy Farmers Thick & Creamy Yoghurt Caramelised Fig,150g,was $2.75,$1.30,$0.87 per 100g,https://foodlandbalaklava.com.au//lines/d-farm-ygt-t-crmy-cml-fig150gm
Foodland Balaklava,2025-05-04 23:57:23,Dairy Farmers Thick & Creamy Yoghurt Caramelised Fig,600g,was $5.80,$5.15,$0.86 per 100g,https://foodlandbalaklava.com.au//lines/d-farm-ygt-t-crmy-car-fig600gm
Foodland Balaklava,2025-05-04 23:57:23,Dairy Farmers Thick & Creamy Yoghurt Classic Vanilla,110g,N/A,$3.95,$0.90 per 100g,https://foodlandbalaklava.com.au//lines/d-farm-ygt-t-crmy-van-4x110gm
Foodland Balaklava,2025-05-04 23:57:23,Dairy Farmers Thick & Creamy Yoghurt Field Strawberry,4 x 110g,N/A,$3.95,$0.90 per 100g,https://foodlandbalaklava.com.au//lines/d-farm-ygt-t-crmy-sbry-4x110gm
Foodland Balaklava,2025-05-04 23:57:23,Dairy Farmers Thick & Creamy Yoghurt Field Strawberry,600g,was $5.80,$5.15,$0.86 per 100g,https://foodlandbalaklava.com.au//lines/d-farm-ygt-t-crmy-st-bry-600gm
Foodland Balaklava,2025-05-04 23:57:23,Dairy Farmers Thick & Creamy Yoghurt Lemon Cream,600g,was $5.80,$5.15,$0.86 per 100g,https://foodlandbalaklava.com.au//lines/d-farm-ygt-t-crmy-lmn-crm600gm
Foodland Balaklava,2025-05-04 23:57:24,Dairy Farmers Vanilla Cappuccino Milk,600mL,was $3.90,$2.90,$4.83 per L,https://foodlandbalaklava.com.au//lines/pura-capp-clsc-frnch-van-600ml-1
Foodland Balaklava,2025-05-04 23:57:24,Dairy Farms Thick & Creamy Queensland Mango & Finger Lime,550mL,was $5.80,$5.15,$0.94 per 100g,https://foodlandbalaklava.com.au//lines/d-farm-ygt-t-crmy-mng-lme550gm
Foodland Balaklava,2025-05-04 23:57:24,Danone Activia Probiotics No Added Sugar Strawberry Yoghurt,4 x 125g,was $6.05,$4.00,$0.80 per 100g,https://foodlandbalaklava.com.au//lines/danone-ygt-activia-strb4x125gm
Foodland Balaklava,2025-05-04 23:57:24,Daphnes Diary,N/A,N/A,$16.99,N/A,https://foodlandbalaklava.com.au//lines/daphnes-diary-2
Foodland Balaklava,2025-05-04 23:57:24,Dare Caramel Latte Robusta & Arabica Coffee,750mL,was $5.25,$5.00,$6.67 per L,https://foodlandbalaklava.com.au//lines/dare-caramel-latte-750ml-1
Foodland Balaklava,2025-05-04 23:57:24,Dare Charged Mocha Latte,240mL,was $4.00,$2.50,$10.42 per L,https://foodlandbalaklava.com.au//lines/dare-charged-mocha-240ml
Foodland Balaklava,2025-05-04 23:57:24,Dare Charged Salted Caramel Latte,240mL,was $4.00,$2.50,$10.42 per L,https://foodlandbalaklava.com.au//lines/dare-charged-slt-caramel-240ml
Foodland Balaklava,2025-05-04 23:57:24,Dare Charged Strong Latte,240mL,was $4.00,$2.50,$10.42 per L,https://foodlandbalaklava.com.au//lines/dare-charged-strong-latte-240ml
Foodland Balaklava,2025-05-04 23:57:24,Dare Double Espresso No Sugar Added Robusta & Arabica Coffee,750mL,was $5.25,$5.00,$6.67 per L,https://foodlandbalaklava.com.au//lines/dare-i-coff-dbl-esp-nas-750ml
Foodland Balaklava,2025-05-04 23:57:24,Dare Double Espresso With Protein,500mL,N/A,$4.50,$9.00 per L,https://foodlandbalaklava.com.au//lines/dare-protein-dbl-esp-nas-500ml
Foodland Balaklava,2025-05-04 23:57:24,Dare Iced Coffee Caramel Latte,500mL,N/A,$4.15,$8.30 per L,https://foodlandbalaklava.com.au//lines/dare-caramel-latte-500ml-1
Foodland Balaklava,2025-05-04 23:57:24,Dare Iced Coffee Espresso,500mL,N/A,$4.15,$8.30 per L,https://foodlandbalaklava.com.au//lines/dare-i-coff-espresso-500ml
Foodland Balaklava,2025-05-04 23:57:24,Dare Iced Coffee Mocha,500mL,N/A,$4.15,$8.30 per L,https://foodlandbalaklava.com.au//lines/dare-i-mocha-mlk-500ml-1
Foodland Balaklava,2025-05-04 23:57:24,Dare Iced Coffee Triple Espresso Wa,500mL,N/A,$4.15,$8.30 per L,https://foodlandbalaklava.com.au//lines/dare-triple-espresso-500ml
Foodland Balaklava,2025-05-04 23:57:24,Dare Intense Espresso Robusta & Arabica Coffee Limited Edition,500mL,N/A,$4.15,$8.30 per L,https://foodlandbalaklava.com.au//lines/dare-intense-espresso-500ml
Foodland Balaklava,2025-05-04 23:57:24,Dare No Sugar Added Intense Espresso,500mL,N/A,$4.20,$8.40 per L,https://foodlandbalaklava.com.au//lines/dare-i-coff-esp-intense-nas-500ml
Foodland Balaklava,2025-05-04 23:57:24,Dare Toffee Latte,500mL,N/A,$4.00,$8.00 per L,https://foodlandbalaklava.com.au//lines/dare-toffee-latte-500ml
Foodland Balaklava,2025-05-04 23:57:24,Dare Toffee Latte,750mL,was $5.30,$5.00,$6.67 per L,https://foodlandbalaklava.com.au//lines/dare-toffee-latte-750ml
Foodland Balaklava,2025-05-04 23:57:24,Dare Triple Espresso No Added Sugar,500mL,N/A,$4.15,$8.30 per L,https://foodlandbalaklava.com.au//lines/dare-cof-trpl-espresso-nas-500ml
Foodland Balaklava,2025-05-04 23:57:24,Daris Classic Pumpkin Soup,550g,N/A,$7.15,$1.30 per 100g,https://foodlandbalaklava.com.au//lines/daris-soup-pmkn-classic-550g
Foodland Balaklava,2025-05-04 23:57:24,Dari’​S Chicken & Corn Soup,550g,N/A,$7.15,$1.30 per 100g,https://foodlandbalaklava.com.au//lines/daris-soup-chkn-corn-550g
Foodland Balaklava,2025-05-04 23:57:24,Dari’​S Chunky Minestrone Soup,550g,N/A,$7.15,$1.30 per 100g,https://foodlandbalaklava.com.au//lines/daris-soup-chnky-mnstrne-550g
Foodland Balaklava,2025-05-04 23:57:24,Dari’​S Hearty Chicken Soup,550g,N/A,$7.15,$1.30 per 100g,https://foodlandbalaklava.com.au//lines/daris-soup-chkn-hearty-550g
Foodland Balaklava,2025-05-04 23:57:24,Dari’​S Hearty Vegetable Soup,550g,N/A,$7.15,$1.30 per 100g,https://foodlandbalaklava.com.au//lines/daris-soup-hearty-veg-550g
Foodland Balaklava,2025-05-04 23:57:24,Darlac Tool Compact Snips,N/A,N/A,$20.95,N/A,https://foodlandbalaklava.com.au//lines/darlac-compact-snips-1pk
Foodland Balaklava,2025-05-04 23:57:24,Darrel Lea Dark Chocolate Peppermint Whipp,170g,was $7.35,$6.55,$3.85 per 100g,https://foodlandbalaklava.com.au//lines/darrell-lea-blk-pmnt-drk-170gm
Foodland Balaklava,2025-05-04 23:57:24,Darrel Lea Mixed Liquorice Twists,200g,was $5.80,$5.00,$2.50 per 100g,https://foodlandbalaklava.com.au//lines/darrell-lea-lic-twst-mxd-200g
Foodland Balaklava,2025-05-04 23:57:24,Darrell Lea Coconut Ice *​180gm,N/A,was $10.00,$5.15,$2.86 per 100g,https://foodlandbalaklava.com.au//lines/darrell-lea-coconut-ice-180gm
Foodland Balaklava,2025-05-04 23:57:24,Darrell Lea Crml Snows *​180gm,N/A,was $10.00,$5.15,$2.86 per 100g,https://foodlandbalaklava.com.au//lines/darrell-lea-crml-snows-180gm
Foodland Balaklava,2025-05-04 23:57:24,Darrell Lea Dark Chocolate Block,170g,was $7.35,$6.55,$3.64 per 100g,https://foodlandbalaklava.com.au//lines/darrell-lea-choc-drk-blk-180gm
Foodland Balaklava,2025-05-04 23:57:24,Darrell Lea Liqourice Twists,280g,was $5.80,$5.00,$1.79 per 100g,https://foodlandbalaklava.com.au//lines/darrell-lea-lic-twst-org-280gm
Foodland Balaklava,2025-05-04 23:57:24,Darrell Lea Mum Gift Pk *​900gm,N/A,N/A,$26.25,$2.92 per 100g,https://foodlandbalaklava.com.au//lines/darrell-lea-mum-gift-pk-900gm
Foodland Balaklava,2025-05-04 23:57:24,Darrell Lea R/​Lea Rd Drk,250g,was $16.80,$8.00,$3.20 per 100g,https://foodlandbalaklava.com.au//lines/darrell-lea-r-lea-rd-drk-250g
Foodland Balaklava,2025-05-04 23:57:24,Darrell Lea R/​Rd Milk,145g,N/A,$6.30,$4.34 per 100g,https://foodlandbalaklava.com.au//lines/darrell-lea-r-rd-milk-145gm
Foodland Balaklava,2025-05-04 23:57:24,Darrell Lea Rocklea Road,250g,N/A,$14.00,$5.60 per 100g,https://foodlandbalaklava.com.au//lines/d-lea-rocklea-rd-m-day-250gm
Foodland Balaklava,2025-05-04 23:57:24,Darrell Lea Sft Centres,255g,was $16.80,$8.25,$3.24 per 100g,https://foodlandbalaklava.com.au//lines/darrell-lea-sft-centres-255gm
Foodland Balaklava,2025-05-04 23:57:24,Dash Peach Infused Sparkling Water,4 x 300mL,N/A,$8.70,$7.25 per L,https://foodlandbalaklava.com.au//lines/dash-peach-4-x-300ml
Foodland Balaklava,2025-05-04 23:57:24,Dates Per Kg,N/A,N/A,$0.65,$32.50 per kg,https://foodlandbalaklava.com.au//lines/dates-per-kg
Foodland Balaklava,2025-05-04 23:57:24,David Gray Liquid Blood & Bone,2L,N/A,$13.00,$6.50 per L,https://foodlandbalaklava.com.au//lines/david-gray-lqd-blood-bone-2lt
Foodland Balaklava,2025-05-04 23:57:24,David Grays Snail Pellets,500g,N/A,$4.99,$1.00 per 100g,https://foodlandbalaklava.com.au//lines/d-gray-snail-killer-pellets-500gm
Foodland Balaklava,2025-05-04 23:57:24,Daytek Stainless Steel Clothes Pegs,N/A,N/A,$8.40,N/A,https://foodlandbalaklava.com.au//lines/daytek-pegs-s-less-steel-24pk
Foodland Balaklava,2025-05-04 23:57:24,Dbl Phoenix Prawn Crkr #​200gm,N/A,N/A,$2.20,$1.10 per 100g,https://foodlandbalaklava.com.au//lines/dbl-phoenix-prawn-crkr-200gm
Foodland Balaklava,2025-05-04 23:57:24,De-Gas Liquid Capsules 24s,N/A,N/A,$9.45,$39.38 Units100,https://foodlandbalaklava.com.au//lines/de-gas-capsules-24s
Foodland Balaklava,2025-05-04 23:57:24,Deals On Wheels,N/A,N/A,$7.95,N/A,https://foodlandbalaklava.com.au//lines/deals-on-wheels
Foodland Balaklava,2025-05-04 23:57:24,Decor Bench Tidy Flip Top Bin,5L,N/A,$12.10,N/A,https://foodlandbalaklava.com.au//lines/decor-bench-tidy-flip-top-5l
Foodland Balaklava,2025-05-04 23:57:24,Decor Container Oblong,1.75L,N/A,$7.35,N/A,https://foodlandbalaklava.com.au//lines/decor-container-oblong-1-75l
Foodland Balaklava,2025-05-04 23:57:24,Decor Container Oblong,1.8L,N/A,$6.83,N/A,https://foodlandbalaklava.com.au//lines/decor-container-oblong-1-8l
Foodland Balaklava,2025-05-04 23:57:24,Decor Foodfresh Screwtop,500mL,N/A,$5.50,N/A,https://foodlandbalaklava.com.au//lines/decor-f-frsh-cont-s-top-500ml
Foodland Balaklava,2025-05-04 23:57:25,Decor Go Benro Lunchbox,2L,N/A,$16.80,N/A,https://foodlandbalaklava.com.au//lines/decor-go-bento-lunchbox-2l
Foodland Balaklava,2025-05-04 23:57:25,Decor Lunch Break Icewall Small 2pk,N/A,N/A,$8.40,N/A,https://foodlandbalaklava.com.au//lines/decor-icewall-sml-2pk
Foodland Balaklava,2025-05-04 23:57:25,Decor Match Ups Clips Square,630mL,N/A,$6.30,N/A,https://foodlandbalaklava.com.au//lines/decor-matchups-clps-sqr-630ml
Foodland Balaklava,2025-05-04 23:57:25,Decor Match Ups Cont Oblong 2 Clip,2L,N/A,$9.45,N/A,https://foodlandbalaklava.com.au//lines/decor-m-ups-cont-oblo-clip-2l
Foodland Balaklava,2025-05-04 23:57:25,Decor Match Ups Container Oblong Clip,2.3L,N/A,$10.50,N/A,https://foodlandbalaklava.com.au//lines/decor-m-ups-cont-oblo-clip2-3l
Foodland Balaklava,2025-05-04 23:57:25,Decor Match Ups Container Oblong Clip,350mL,N/A,$4.75,N/A,https://foodlandbalaklava.com.au//lines/decor-m-ups-cont-obl-clip350ml
Foodland Balaklava,2025-05-04 23:57:25,Decor Match Ups Container Oblong Clip,600mL,N/A,$6.10,N/A,https://foodlandbalaklava.com.au//lines/decor-m-ups-cont-obl-clip600ml
Foodland Balaklava,2025-05-04 23:57:25,Decor Match Ups Container Oblong Slt Clip,2L,N/A,$10.29,N/A,https://foodlandbalaklava.com.au//lines/decor-m-ups-cont-ob-slt-clip2l
Foodland Balaklava,2025-05-04 23:57:25,Decor Match Ups Containert Oblong Clip,3L,N/A,$12.08,N/A,https://foodlandbalaklava.com.au//lines/decor-m-ups-cont-oblo-clip-3l
Foodland Balaklava,2025-05-04 23:57:25,Decor Micro Safe Value Pack,N/A,N/A,$22.05,N/A,https://foodlandbalaklava.com.au//lines/decor-m-safe-pack-5pce
Foodland Balaklava,2025-05-04 23:57:25,Decor Microsafe Noodle Jug,N/A,N/A,$9.45,N/A,https://foodlandbalaklava.com.au//lines/decor-m-safe-noodle-jug-1pk
Foodland Balaklava,2025-05-04 23:57:25,Decor Microsafe Ol W/​Rack,1.6L,N/A,$9.15,N/A,https://foodlandbalaklava.com.au//lines/decor-m-safe-obl-red-w-rck1-6l
Foodland Balaklava,2025-05-04 23:57:25,Decor Microsafe Poacher Egg,N/A,N/A,$16.28,N/A,https://foodlandbalaklava.com.au//lines/decor-microsafe-poacher-egg
Foodland Balaklava,2025-05-04 23:57:25,Decor Microsafe Round,750mL,N/A,$6.50,N/A,https://foodlandbalaklava.com.au//lines/decor-m-safe-cont-round-750ml
Foodland Balaklava,2025-05-04 23:57:25,Decor Microsafe Soup Mug,N/A,N/A,$5.80,N/A,https://foodlandbalaklava.com.au//lines/decor-m-safe-mug
Foodland Balaklava,2025-05-04 23:57:25,Decor Microwave Safe Oblong,375mL,N/A,$5.25,N/A,https://foodlandbalaklava.com.au//lines/decor-m-safe-oblong-375ml
Foodland Balaklava,2025-05-04 23:57:25,Decor Pumped Bands Tritan,750mL,N/A,$12.10,N/A,https://foodlandbalaklava.com.au//lines/decor-btl-tritan-banded-750ml
Foodland Balaklava,2025-05-04 23:57:25,Decor Sauce Dispenser,1L,N/A,$5.90,N/A,https://foodlandbalaklava.com.au//lines/decor-sauce-dispenser-1lt
Foodland Balaklava,2025-05-04 23:57:25,Decor Sauce Dispenser,250mL,N/A,$3.45,N/A,https://foodlandbalaklava.com.au//lines/decor-sauce-dispenser-250ml
Foodland Balaklava,2025-05-04 23:57:25,Decor Stainless Steel Junior Sippe Bottle,500mL,N/A,$14.70,N/A,https://foodlandbalaklava.com.au//lines/decor-bottle-s-s-jnr-sip-500ml
Foodland Balaklava,2025-05-04 23:57:25,Decor T/​Fresh Cake Storer,6L,N/A,$15.25,N/A,https://foodlandbalaklava.com.au//lines/decor-cake-storer-6l
Foodland Balaklava,2025-05-04 23:57:25,Decor T/​Fresh Oblong,1L,N/A,$6.30,N/A,https://foodlandbalaklava.com.au//lines/decor-container-oblong-1l
Foodland Balaklava,2025-05-04 23:57:25,Decor T/​Fresh Oblong,3 x 250mL,N/A,$10.50,N/A,https://foodlandbalaklava.com.au//lines/decor-container-250ml-3pk
Foodland Balaklava,2025-05-04 23:57:25,Decor T/​Fresh Oblong Tal,1.7L,N/A,$7.88,N/A,https://foodlandbalaklava.com.au//lines/decor-container-tall-1-75l
Foodland Balaklava,2025-05-04 23:57:25,Decor T/​Fresh Oblong Tall,3L,N/A,$10.50,N/A,https://foodlandbalaklava.com.au//lines/decor-container-tall-3l
Foodland Balaklava,2025-05-04 23:57:25,Decor T/​Fresh Square,1.7L,N/A,$7.19,N/A,https://foodlandbalaklava.com.au//lines/decor-container-square-1-75l
Foodland Balaklava,2025-05-04 23:57:25,Decor Tellfresh Meat And Fish Storer Oblong,4L,N/A,$16.49,N/A,https://foodlandbalaklava.com.au//lines/decor-meat-fish-storer-4l
Foodland Balaklava,2025-05-04 23:57:25,Decor TellFresh Oblong,3 x 1L,N/A,$14.20,N/A,https://foodlandbalaklava.com.au//lines/decor-t-fresh-oblong-3pk-1l
Foodland Balaklava,2025-05-04 23:57:25,Decor Tellfresh Oblong Container 10,N/A,N/A,$20.90,N/A,https://foodlandbalaklava.com.au//lines/decor-container-oblong-10l
Foodland Balaklava,2025-05-04 23:57:25,Decor Tellfresh Oblong Container,2L,N/A,$7.35,N/A,https://foodlandbalaklava.com.au//lines/decor-t-fresh-oblong-2l
Foodland Balaklava,2025-05-04 23:57:25,Decor Tellfresh Oblong Container,3 x 500mL,N/A,$11.55,N/A,https://foodlandbalaklava.com.au//lines/decor-contanr-oblong-500ml-3pk
Foodland Balaklava,2025-05-04 23:57:25,Decor Tellfresh Oblong Container,500mL,N/A,$11.55,N/A,https://foodlandbalaklava.com.au//lines/decor-container-oblong-4l
Foodland Balaklava,2025-05-04 23:57:25,Decor Tellfresh Oblong Container,500mL,N/A,$5.25,N/A,https://foodlandbalaklava.com.au//lines/decor-container-oblong-500ml
Foodland Balaklava,2025-05-04 23:57:25,Decor To Go Dip Tubs,6 x 35mL,N/A,$5.78,N/A,https://foodlandbalaklava.com.au//lines/decor-go-dressing-tubs-35ml-6pk
Foodland Balaklava,2025-05-04 23:57:25,Decor Tritanb Jumbo Xxl Bottle,2.2L,N/A,$17.00,N/A,https://foodlandbalaklava.com.au//lines/decor-btl-tritan-jumbo-2-2l
Foodland Balaklava,2025-05-04 23:57:25,Decor Vent & Seal Glass,1.5L,N/A,$16.50,N/A,https://foodlandbalaklava.com.au//lines/decor-vent-seal-glass-1-5l
Foodland Balaklava,2025-05-04 23:57:25,Decor Vent & Seal Glass,600mL,N/A,$11.35,N/A,https://foodlandbalaklava.com.au//lines/decor-vent-seal-glass-600ml
Foodland Balaklava,2025-05-04 23:57:25,Deeko 2 Ply Printed Lunch Napkins 25 Pack,N/A,was $5.05,$3.80,$15.20 Units100,https://foodlandbalaklava.com.au//lines/d-ko-lnch-serv-print-25s
Foodland Balaklava,2025-05-04 23:57:25,Deeko 2 Ply White Dinner Napkins 25 Pack,N/A,N/A,$5.05,$20.20 Units100,https://foodlandbalaklava.com.au//lines/d-ko-napkin-dinr-whte-2ply-25s-1
Foodland Balaklava,2025-05-04 23:57:25,Deeko Sugar Cane Plates,N/A,N/A,$4.75,$0.79 Each,https://foodlandbalaklava.com.au//lines/d-ko-plate-dinr-s-cane-26cm-6s
Foodland Balaklava,2025-05-04 23:57:25,Delicious Magazine,N/A,N/A,$10.99,N/A,https://foodlandbalaklava.com.au//lines/delicious-magazine
Foodland Balaklava,2025-05-04 23:57:25,Delicious Xmas Edition Magazine,N/A,N/A,$13.99,N/A,https://foodlandbalaklava.com.au//lines/delicious-special
Foodland Balaklava,2025-05-04 23:57:25,Dencorub Arthritis Cream,100g,N/A,$8.80,$8.80 per 100g,https://foodlandbalaklava.com.au//lines/dencorub-arthritis-cream-100g
Foodland Balaklava,2025-05-04 23:57:25,Dencorub Extra Strength Heat Gel,100g,was $6.95,$6.00,$6.00 per 100g,https://foodlandbalaklava.com.au//lines/dencorub-extra-strngth-100gm
Foodland Balaklava,2025-05-04 23:57:25,Depend Real Fit Incontinence Underwear Men Large,8 x 77kg,N/A,$16.30,$2.04 Each,https://foodlandbalaklava.com.au//lines/depend-rlfit-u-wear-men-lge-8s
Foodland Balaklava,2025-05-04 23:57:25,Depend Real Fit Incontinence Underwear Men Medium 8 Pack,N/A,N/A,$16.30,$2.04 Each,https://foodlandbalaklava.com.au//lines/depend-rlfit-u-wear-men-med-8s
Foodland Balaklava,2025-05-04 23:57:25,Depend Real Fit Incontinence Underwear Regular Women Extra Large 8 Pack,N/A,N/A,$15.10,$1.89 Each,https://foodlandbalaklava.com.au//lines/depend-rlfit-u-wear-fem-xlge8s
Foodland Balaklava,2025-05-04 23:57:25,Depend Real Fit Incontinence Underwear Regular Women Large 8 Pack,N/A,N/A,$15.10,$1.89 Each,https://foodlandbalaklava.com.au//lines/depend-rlfit-u-wear-fem-lge-8s
Foodland Balaklava,2025-05-04 23:57:26,Dermaveen Daily Nourish Soap-Free Wash For Dry & Sensitive Skin,500mL,N/A,$17.00,$3.40 per 100mL,https://foodlandbalaklava.com.au//lines/dermaveen-soap-fr-d-nrsh-500ml
Foodland Balaklava,2025-05-04 23:57:26,Dettol 2 In 1 Hands And Surfaces Antibacterial Wipes 15pk 15pk,N/A,N/A,$3.15,$0.21 Each,https://foodlandbalaklava.com.au//lines/dettol-a-bact-wipes-2in1-15s
Foodland Balaklava,2025-05-04 23:57:26,Dettol 2in1 Hand And Surface Sanitiser Spray,90mL,N/A,$6.30,$7.00 per 100mL,https://foodlandbalaklava.com.au//lines/dettol-2in1-sanitizr-spry-90ml
Foodland Balaklava,2025-05-04 23:57:26,Dettol Antibacterial Household Grade Disinfectant Liquid,750mL,N/A,$12.30,$1.64 per 100mL,https://foodlandbalaklava.com.au//lines/dettol-disinfect-a-bac-750ml
Foodland Balaklava,2025-05-04 23:57:26,Dettol Antibacterial Liquid Hand Wash Aloe Vera And Vitamin E Refill,950mL,N/A,$10.50,$1.11 per 100mL,https://foodlandbalaklava.com.au//lines/dettol-a-bact-moistr-ref-950ml
Foodland Balaklava,2025-05-04 23:57:26,Dettol Antibacterial Liquid Hand Wash Pump Refresh,250mL,was $3.55,$2.75,$1.10 per 100mL,https://foodlandbalaklava.com.au//lines/dettol-a-bact-r-frsh-pmp-250ml
Foodland Balaklava,2025-05-04 23:57:26,Dettol Antibacterial Liquid Handwash Pump Aloe Vera And Vitamin E,500mL,was $5.80,$4.00,$0.80 per 100mL,https://foodlandbalaklava.com.au//lines/dettol-a-bac-h-wsh-a-vra-500ml
Foodland Balaklava,2025-05-04 23:57:26,Dettol Antibacterial Liquid Handwash Pump Grapefruit,500mL,was $5.80,$4.00,$0.80 per 100mL,https://foodlandbalaklava.com.au//lines/dettol-a-bac-h-wsh-gfrt-500ml
Foodland Balaklava,2025-05-04 23:57:26,Dettol Antibacterial Multipurpose Cleaner Surface Spray Disinfectant Citrus Lemon Lime,750mL,N/A,$7.00,$0.93 per 100mL,https://foodlandbalaklava.com.au//lines/dettol-m-purp-citrus-750ml
Foodland Balaklava,2025-05-04 23:57:26,Dettol Antiseptic Antibacterial Disinfectant Liquid,250mL,N/A,$6.95,$2.78 per 100mL,https://foodlandbalaklava.com.au//lines/dettol-250ml
Foodland Balaklava,2025-05-04 23:57:26,Dettol Antiseptic Antibacterial Disinfectant Liquid,500mL,N/A,$11.05,$2.21 per 100mL,https://foodlandbalaklava.com.au//lines/dettol-500ml
Foodland Balaklava,2025-05-04 23:57:26,"Dettol Biodegradable Disinfectant Wipes Household Grade, Fresh 300 Pack",N/A,N/A,$20.00,$6.67 Units100,https://foodlandbalaklava.com.au//lines/dettol-wipes-fresh-2x150s
Foodland Balaklava,2025-05-04 23:57:26,Dettol Citrus Fresh Bar Soap,3 x 100g,N/A,$5.15,$1.72 per 100g,https://foodlandbalaklava.com.au//lines/dettol-soap-bar-3x100gm
Foodland Balaklava,2025-05-04 23:57:26,Dettol Disinfectant Wipes Fresh Household Grade 45 Pack,N/A,N/A,$6.30,$0.14 Each,https://foodlandbalaklava.com.au//lines/dettol-wipes-disnfect-frsh-45s
Foodland Balaklava,2025-05-04 23:57:26,Dettol Foaming Antibacterial Hand Wash Lime And Orange,250mL,was $3.70,$3.45,$1.38 per 100mL,https://foodlandbalaklava.com.au//lines/dettol-fhw-lime-org-pump-250ml
Foodland Balaklava,2025-05-04 23:57:26,Dettol Foaming Antibacterial Hand Wash Refill Rose And Cherry,900mL,N/A,$10.50,$1.17 per 100mL,https://foodlandbalaklava.com.au//lines/dettol-tof-hw-rs-chry-rf-900ml
Foodland Balaklava,2025-05-04 23:57:26,Dettol Foaming Antibacterial Hand Wash Rose And Cherry,250mL,was $3.70,$3.45,$1.38 per 100mL,https://foodlandbalaklava.com.au//lines/dettol-tof-hw-rose-ch-pmp250ml
Foodland Balaklava,2025-05-04 23:57:26,Dettol Healthy Touch Liquid Antibacterial Instant Hand Sanitiser,50mL,was $3.70,$3.25,$6.50 per 100mL,https://foodlandbalaklava.com.au//lines/dettol-hand-sanitizer-50ml
Foodland Balaklava,2025-05-04 23:57:26,Dettol Max Concentrated Antibacterial Laundry Sanitiser Eucalyptus,750mL,N/A,$15.75,$21.00 per L,https://foodlandbalaklava.com.au//lines/dettol-sanit-laund-euc-750ml
Foodland Balaklava,2025-05-04 23:57:26,"Dettol Multipurpose Disinfectant Wipes Crisp Apple Household Grade, 110 Pack",N/A,was $12.60,$11.10,$0.10 Each,https://foodlandbalaklava.com.au//lines/dettol-wipes-m-purp-apl-110s
Foodland Balaklava,2025-05-04 23:57:26,"Dettol Multipurpose Disinfectant Wipes Fresh Household Grade, 110 Pack",N/A,was $12.60,$11.10,$0.10 Each,https://foodlandbalaklava.com.au//lines/dettol-disnfect-wipes-frsh110s
Foodland Balaklava,2025-05-04 23:57:26,Dettol Profresh Shower Gel Body Wash Lemon And Lime,950mL,N/A,$12.60,$1.33 per 100mL,https://foodlandbalaklava.com.au//lines/dettol-p-f-b-wash-citrus-950ml
Foodland Balaklava,2025-05-04 23:57:26,Dettol Protect 24 Multipurpose Disinfectant Wipes Citrus Burst 90 Pk,N/A,was $13.00,$6.50,$0.07 Each,https://foodlandbalaklava.com.au//lines/dettol-wipes-protect24-cit-90s
Foodland Balaklava,2025-05-04 23:57:26,Dettol Tru Clean Antibacterial Multipurpose Cleaning Trigger Zesty Citrus And Lemongrass,500mL,N/A,$6.30,$1.26 per 100mL,https://foodlandbalaklava.com.au//lines/dettol-cleanser-trig-citr500ml
Foodland Balaklava,2025-05-04 23:57:26,Dettol Tru Clean Antibacterial Multipurpose Cleaning Wipes Zesty Citrus And Lemongrass 90s,N/A,N/A,$11.55,$0.13 Each,https://foodlandbalaklava.com.au//lines/dettol-wipes-tru-cln-citrs-90s
Foodland Balaklava,2025-05-04 23:57:26,Devondale Dairy Soft Promo Tub,500g,N/A,$7.50,$1.50 per 100g,https://foodlandbalaklava.com.au//lines/d-dale-dairy-soft-tub-500gm
Foodland Balaklava,2025-05-04 23:57:26,Devondale Dairy Soft Salt Reduced Promo Tub,500g,N/A,$7.50,$1.50 per 100g,https://foodlandbalaklava.com.au//lines/d-dale-dairy-soft-s-r-tub500gm
Foodland Balaklava,2025-05-04 23:57:26,Devondale Full Cream Instant Milk Powder,1kg,N/A,$17.35,$1.74 per 100g,https://foodlandbalaklava.com.au//lines/d-dale-milk-pdr-inst-f-crm1kg
Foodland Balaklava,2025-05-04 23:57:26,Devondale Full Cream Milk,150mL,N/A,$1.35,$9.00 per L,https://foodlandbalaklava.com.au//lines/d-dale-milk-f-crm-uht-150ml
Foodland Balaklava,2025-05-04 23:57:26,Devondale Moo Strawberry Milk,6 x 200mL,N/A,$7.90,$6.58 per L,https://foodlandbalaklava.com.au//lines/d-dale-moo-s-bry-milk-6x200ml
Foodland Balaklava,2025-05-04 23:57:26,Devondale Semi Skim Milk 1,N/A,N/A,$2.20,$2.20 per L,https://foodlandbalaklava.com.au//lines/d-dale-milk-skim-semi-uht-1l
Foodland Balaklava,2025-05-04 23:57:26,Devondale Skim Milk 6pk X,200mL,N/A,$6.30,$5.25 per L,https://foodlandbalaklava.com.au//lines/d-dale-milk-skim-uht-6x200ml
Foodland Balaklava,2025-05-04 23:57:26,Devondale Unsalted Butter,500g,N/A,$8.50,$1.70 per 100g,https://foodlandbalaklava.com.au//lines/d-dale-butter-unsalted-500gm
Foodland Balaklava,2025-05-04 23:57:26,Diecast Truck With Vehicles,N/A,N/A,$15.00,N/A,https://foodlandbalaklava.com.au//lines/diecast-truck-with-vehicles
Foodland Balaklava,2025-05-04 23:57:26,Diecast Vehicles 4pk,N/A,N/A,$10.00,N/A,https://foodlandbalaklava.com.au//lines/diecast-vehicles-4pk
Foodland Balaklava,2025-05-04 23:57:26,Diego’​S Sour Dough Wrap,320g,N/A,$6.50,$2.03 per 100g,https://foodlandbalaklava.com.au//lines/diego-s-s-dough-wrap-8pk-320g
Foodland Balaklava,2025-05-04 23:57:26,Diet Rite Apple Raspberry Cordial,1L,N/A,$3.50,$3.50 per L,https://foodlandbalaklava.com.au//lines/diet-rite-cord-apl-rspbry-1l
Foodland Balaklava,2025-05-04 23:57:26,Diet Rite Cordial Strawberry Guava,1L,N/A,$3.50,$3.50 per L,https://foodlandbalaklava.com.au//lines/diet-rite-cord-s-bry-guava-1l-1
Foodland Balaklava,2025-05-04 23:57:26,Diet Rite Fruit Cocktail Cordial,1L,N/A,$3.50,$3.50 per L,https://foodlandbalaklava.com.au//lines/diet-rite-cord-frt-c-tail-1l
Foodland Balaklava,2025-05-04 23:57:26,Diet Rite Lemon Cordial,1L,N/A,$3.50,$3.50 per L,https://foodlandbalaklava.com.au//lines/diet-rite-cord-lemon-1l
Foodland Balaklava,2025-05-04 23:57:26,Diet Rite Lemon Lime Orange,1L,N/A,$3.50,$3.50 per L,https://foodlandbalaklava.com.au//lines/diet-rite-cord-lmn-lme-org-1l
Foodland Balaklava,2025-05-04 23:57:26,Diet Rite Lite Salt,170g,N/A,$3.15,$1.85 per 100g,https://foodlandbalaklava.com.au//lines/diet-rite-lite-salt-170gm
Foodland Balaklava,2025-05-04 23:57:26,Difflam Plus Anaesthetic Sore Throat Lozenges Blackcurrant Flavour 16s,N/A,N/A,$10.50,$0.66 Each,https://foodlandbalaklava.com.au//lines/difflam-plus-loz-b-currant-16s
Foodland Balaklava,2025-05-04 23:57:26,Difflam Plus Anaesthetic Sore Throat Lozenges Honey & Lemon Flavour 16s,N/A,N/A,$10.50,$0.66 Each,https://foodlandbalaklava.com.au//lines/difflam-plus-loz-hny-lem-16s
Foodland Balaklava,2025-05-04 23:57:26,Difflam Plus Anaesthetic Sore Throat Lozenges Honey & Lemon Flavour 32 Pack,N/A,N/A,$19.95,$0.62 Each,https://foodlandbalaklava.com.au//lines/difflam-plus-hny-lmn-s-f-32s
Foodland Balaklava,2025-05-04 23:57:26,Difflam Plus Anaesthetic Sore Throat Spray 225 Sprays,30mL,N/A,$19.95,$66.50 per 100mL,https://foodlandbalaklava.com.au//lines/difflam-plus-spry-sre-thrt30ml
Foodland Balaklava,2025-05-04 23:57:26,Difflam Plus Anaesthetic Sore Throat Triple Action Lozenges Berry Flavour Value Pack 32 Lozenges,N/A,N/A,$19.95,$0.62 Each,https://foodlandbalaklava.com.au//lines/difflam-plus-loz-trp-berry-32s
Foodland Balaklava,2025-05-04 23:57:26,Difflam Soothing Throat Drops + Immune Support Black Elderberry Flavour 20 Drops,N/A,was $6.85,$4.80,$0.24 Each,https://foodlandbalaklava.com.au//lines/difflam-drops-blk-eldbry-20s
Foodland Balaklava,2025-05-04 23:57:29,Difflam Soothing Throat Drops + Immune Support Honey & Lemon Flavour 20 Drops,N/A,was $6.85,$4.80,$0.24 Each,https://foodlandbalaklava.com.au//lines/difflam-drops-honey-lemon-20s
Foodland Balaklava,2025-05-04 23:57:29,Difflam Sore Throat Lozenge Dual Action Honey & Lemon Flavour Value Pack 32 Lozenges,N/A,was $13.15,$9.15,$0.29 Each,https://foodlandbalaklava.com.au//lines/difflam-dual-loz-hny-lmn-32s
Foodland Balaklava,2025-05-04 23:57:29,Difflam Sore Throat Lozenge Honey & Lemon Flavour 16's,N/A,N/A,$6.85,$0.43 Each,https://foodlandbalaklava.com.au//lines/difflam-loz-hny-lem-16s
Foodland Balaklava,2025-05-04 23:57:29,Difflam Sore Throat Spray Forte 88 Sprays,15mL,N/A,$17.00,$113.33 per 100mL,https://foodlandbalaklava.com.au//lines/difflam-spry-sore-throat-15ml
Foodland Balaklava,2025-05-04 23:57:29,Diggers Kerosene,1L,N/A,$9.35,$0.94 per 100mL,https://foodlandbalaklava.com.au//lines/diggers-kerosene-1l
Foodland Balaklava,2025-05-04 23:57:29,Diggers Methylated Spirits 1,N/A,N/A,$8.70,$0.87 per 100mL,https://foodlandbalaklava.com.au//lines/diggers-methylated-spirits-1l
Foodland Balaklava,2025-05-04 23:57:29,Diggers Mineral Turpentine 1,N/A,N/A,$7.65,$0.76 per 100mL,https://foodlandbalaklava.com.au//lines/diggers-mineral-turps-1l
Foodland Balaklava,2025-05-04 23:57:29,Diggers White Spirit,1L,N/A,$8.35,$0.84 per 100mL,https://foodlandbalaklava.com.au//lines/diggers-white-spirit-1l
Foodland Balaklava,2025-05-04 23:57:29,Dilmah Black Tagged Teabags Decaffeinated 50,N/A,N/A,$8.35,$8.35 per 100g,https://foodlandbalaklava.com.au//lines/dilmah-t-bag-decaff-50s
Foodland Balaklava,2025-05-04 23:57:29,Dilmah Black Tagless Teabags Premium Extra Strength 100,N/A,N/A,$8.65,$3.60 per 100g,https://foodlandbalaklava.com.au//lines/dilmah-t-pot-ex-strength-100s
Foodland Balaklava,2025-05-04 23:57:29,Dilmah Ceylon Spice Chai Tea Bags,20 x 40g,N/A,$5.45,$27.25 per 100g,https://foodlandbalaklava.com.au//lines/dilmah-t-bag-ceyl-chai-spc-20s
Foodland Balaklava,2025-05-04 23:57:29,Dilmah Fragrant Jasmine Green Tea 20,N/A,N/A,$5.45,$27.25 per 100g,https://foodlandbalaklava.com.au//lines/dilmah-t-bag-frag-jas-grn-20s
Foodland Balaklava,2025-05-04 23:57:29,Dilmah Gourmet Earl Grey Teabags 50,N/A,N/A,$7.35,$7.35 per 100g,https://foodlandbalaklava.com.au//lines/dilmah-t-bag-earl-grey-50s
Foodland Balaklava,2025-05-04 23:57:29,Dilmah Infusion Teabags Cinnamon Turmeric Ginger Nutmeg 20,N/A,N/A,$5.45,$13.62 per 100g,https://foodlandbalaklava.com.au//lines/dilmah-infus-roobs-gin-tum-20s
Foodland Balaklava,2025-05-04 23:57:29,Dilmah Premium Extra Strong Teabags 100,N/A,N/A,$9.25,$3.85 per 100g,https://foodlandbalaklava.com.au//lines/dilmah-t-cup-ex-strength-100s
Foodland Balaklava,2025-05-04 23:57:29,Dilmah Premium Extra Strong Teabags 200,N/A,N/A,$15.75,$3.28 per 100g,https://foodlandbalaklava.com.au//lines/dilmah-t-cup-ex-strength-200s
Foodland Balaklava,2025-05-04 23:57:29,Dilmah Premium Extra Strong Teabags 50,N/A,N/A,$4.80,$4.00 per 100g,https://foodlandbalaklava.com.au//lines/dilmah-t-cup-ex-strength-50s
Foodland Balaklava,2025-05-04 23:57:29,Dilmah Premium Teabags 100,N/A,N/A,$7.20,$3.60 per 100g,https://foodlandbalaklava.com.au//lines/dilmah-t-bag-premium-100s
Foodland Balaklava,2025-05-04 23:57:29,Dilmah Premium Teabags 50,N/A,N/A,$4.75,$4.75 per 100g,https://foodlandbalaklava.com.au//lines/dilmah-t-bag-premium-50s
Foodland Balaklava,2025-05-04 23:57:29,Dilmah Tagless Teabags Ceylon Green Jasmine 20,N/A,N/A,$5.45,$13.62 per 100g,https://foodlandbalaklava.com.au//lines/dilmah-t-bag-green-jasmine-20s
Foodland Balaklava,2025-05-04 23:57:29,Dilmah Tagless Teabags Pure Ceylon Green 20,N/A,N/A,$5.45,$13.62 per 100g,https://foodlandbalaklava.com.au//lines/dilmah-t-bag-green-20s
Foodland Balaklava,2025-05-04 23:57:29,Dim Sims,N/A,N/A,$2.20,$2.00 per 100g,https://foodlandbalaklava.com.au//lines/dim-sims-1
Foodland Balaklava,2025-05-04 23:57:29,Dine Adult Cat Pulled Menu Gravy Indulgence,85g,N/A,$1.85,$2.18 per 100g,https://foodlandbalaklava.com.au//lines/dine-p-menu-tuna-85gm
Foodland Balaklava,2025-05-04 23:57:29,Dine Cat Adult Saucy Morsel Ocean Fish Svms (​7x85g),7 x 85g,was $10.50,$9.15,$1.54 per 100g,https://foodlandbalaklava.com.au//lines/dine-ocean-fish-s-fd-sce7x85gm
Foodland Balaklava,2025-05-04 23:57:29,Dine Classic Collection Cuts In Gravy With Beef & Liver,85g,was $1.70,$1.10,$1.29 per 100g,https://foodlandbalaklava.com.au//lines/dine-beef-liv-in-rch-grvy-85gm
Foodland Balaklava,2025-05-04 23:57:29,Dine Classic Collection Mixed Fish 14pk,14 x 85g,was $19.65,$16.00,$1.34 per 100g,https://foodlandbalaklava.com.au//lines/dine-mxd-fish-mvms-14x85gm
Foodland Balaklava,2025-05-04 23:57:29,Dine Classic Collection Mixed Meat 14pk,14 x 85g,was $19.65,$16.00,$1.34 per 100g,https://foodlandbalaklava.com.au//lines/dine-mxd-meat-mvms-14x85gm
Foodland Balaklava,2025-05-04 23:57:29,Dine Classic Collection Slices With Succulent Chicken 7pk,7 x 85g,was $10.50,$9.15,$1.54 per 100g,https://foodlandbalaklava.com.au//lines/dine-chic-slces-7x85gm
Foodland Balaklava,2025-05-04 23:57:29,Dine Classic Collection Slices With Succulent Chicken,85g,was $1.70,$1.10,$1.29 per 100g,https://foodlandbalaklava.com.au//lines/dine-slices-chkn-85gm
Foodland Balaklava,2025-05-04 23:57:29,Dine Classic Collection Slices With Tender Turkey 7pk,7 x 85g,was $10.50,$9.15,$1.54 per 100g,https://foodlandbalaklava.com.au//lines/dine-turkey-in-gravy-7x85gm
Foodland Balaklava,2025-05-04 23:57:29,Dine Classic Collection Terrine With Chicken 7 Pack,7 x 85g,was $10.50,$9.15,$1.54 per 100g,https://foodlandbalaklava.com.au//lines/dine-country-chick-7x85gm
Foodland Balaklava,2025-05-04 23:57:29,Dine Creamy Treats Mixed Seafood Flavour Sachet,4 x 12g,N/A,$4.20,$8.75 per 100g,https://foodlandbalaklava.com.au//lines/dine-crmy-treat-mx-seaf-4x12gm
Foodland Balaklava,2025-05-04 23:57:29,Dine Creamy Treats Seafood Selection,4 x 12g,N/A,$4.20,$8.75 per 100g,https://foodlandbalaklava.com.au//lines/dine-crmy-treat-seafood-4-x-12g
Foodland Balaklava,2025-05-04 23:57:29,Dine Desire Cat Adt Pure Tuna Whitemeat,6 x 85g,was $14.20,$12.00,$2.35 per 100g,https://foodlandbalaklava.com.au//lines/dine-dsire-tna-whtmeat-6x85gm
Foodland Balaklava,2025-05-04 23:57:29,Dine Pulled Menu Gravy Indulgence Chicken,85g,N/A,$1.85,$2.18 per 100g,https://foodlandbalaklava.com.au//lines/dine-p-menu-chic-grvy-85gm
Foodland Balaklava,2025-05-04 23:57:29,Dine Pulled Menu Gravy Indulgence With Tuna 7,85g,N/A,$12.60,$2.12 per 100g,https://foodlandbalaklava.com.au//lines/dine-plld-mnu-tuna-grvy-7x85gm
Foodland Balaklava,2025-05-04 23:57:29,Dine Pulled Menu Salmon,85g,N/A,$1.85,$2.18 per 100g,https://foodlandbalaklava.com.au//lines/dine-p-menu-salmon-85gm
Foodland Balaklava,2025-05-04 23:57:29,Dine Pulled Menu ​Chicken,85g,N/A,$1.85,$2.18 per 100g,https://foodlandbalaklava.com.au//lines/dine-p-menu-chic-85gm
Foodland Balaklava,2025-05-04 23:57:29,Dine Wet Cat Food Classic Collection Mixed Selection In Gravy & In Jelly Pouches,12 x 85g,N/A,$16.00,$1.57 per 100g,https://foodlandbalaklava.com.au//lines/dine-classic-mixed-12x85gm
Foodland Balaklava,2025-05-04 23:57:29,Dine Wet Cat Food Classic Collection Succulent Selection In Gravy Pouches,24 x 85g,was $31.50,$26.00,$1.27 per 100g,https://foodlandbalaklava.com.au//lines/dine-classic-chunk-meat24x85gm
Foodland Balaklava,2025-05-04 23:57:29,Dine Wet Kitten Chicken,85g,was $1.70,$1.10,$1.29 per 100g,https://foodlandbalaklava.com.au//lines/dine-kitten-chicken-85gm
Foodland Balaklava,2025-05-04 23:57:29,Dine Wet Kitten Sce Oceanfish/​Seafood Oceanfish/​Se,85g,was $1.70,$1.10,$1.29 per 100g,https://foodlandbalaklava.com.au//lines/dine-kitten-o-fish-85gm
Foodland Balaklava,2025-05-04 23:57:29,Dino Friends,N/A,N/A,$9.99,N/A,https://foodlandbalaklava.com.au//lines/dino-friends-3
Foodland Balaklava,2025-05-04 23:57:29,Diploma Instant Full Cream Milk Powder,400g,was $7.75,$7.60,$1.90 per 100g,https://foodlandbalaklava.com.au//lines/diploma-milk-f-crm-pdr-400gm
Foodland Balaklava,2025-05-04 23:57:29,Dishmatic Glide Brush,N/A,N/A,$3.94,N/A,https://foodlandbalaklava.com.au//lines/dishmatic-brsh-glide-bstle-1pk
Foodland Balaklava,2025-05-04 23:57:29,Dishmatic Refill Mic Sft 3pk,N/A,N/A,$6.62,$2.21 Each,https://foodlandbalaklava.com.au//lines/dishmatic-refill-mic-sft-3pk
Foodland Balaklava,2025-05-04 23:57:29,Dishmatic Refill Pot&​Grill 2pk,N/A,N/A,$7.35,$3.68 Each,https://foodlandbalaklava.com.au//lines/dishmatic-refill-pot-grill-2pk-1
Foodland Balaklava,2025-05-04 23:57:29,Disney Opp Small Doll Asst,N/A,N/A,$7.70,N/A,https://foodlandbalaklava.com.au//lines/disney-opp-small-doll-asst
Foodland Balaklava,2025-05-04 23:57:30,Disprin Original Tablets 24,N/A,N/A,$5.25,$0.22 Each,https://foodlandbalaklava.com.au//lines/disprin-tablets-300mg-24s
Foodland Balaklava,2025-05-04 23:57:30,Doll Toys,N/A,N/A,$18.00,N/A,https://foodlandbalaklava.com.au//lines/doll-toys
Foodland Balaklava,2025-05-04 23:57:30,Dollar Sweets Choclettes,150g,N/A,$2.40,$1.60 per 100g,https://foodlandbalaklava.com.au//lines/dollar-choclettes-150gm
Foodland Balaklava,2025-05-04 23:57:30,Dollar Sweets Extra Strong Peppermints,150g,N/A,$2.65,$1.77 per 100g,https://foodlandbalaklava.com.au//lines/dollar-x-strong-peppermint150g
Foodland Balaklava,2025-05-04 23:57:30,Dollar Sweets Party Candles,N/A,N/A,$3.28,$0.20 Each,https://foodlandbalaklava.com.au//lines/dollar-party-candles-16pc
Foodland Balaklava,2025-05-04 23:57:30,Dolmio Classic Tomato & Oregano Pasta Sauce,500g,N/A,$2.70,$0.54 per 100g,https://foodlandbalaklava.com.au//lines/dolmio-pst-sce-tom-oreg-500gm
Foodland Balaklava,2025-05-04 23:57:30,Dolmio Creamy Carbonara Pasta Sauce,490g,was $4.85,$4.10,$0.84 per 100g,https://foodlandbalaklava.com.au//lines/dolmio-pst-sce-carbonara-490gm
Foodland Balaklava,2025-05-04 23:57:30,Dolmio Extra Garden Vegetables Pasta Sauce,500g,was $4.85,$4.10,$0.82 per 100g,https://foodlandbalaklava.com.au//lines/dolmio-pst-sce-garden-veg500gm
Foodland Balaklava,2025-05-04 23:57:30,Dolmio Smooth Tomato With Hidden Veg Pasta Sauce Jar,500g,was $4.85,$4.10,$0.82 per 100g,https://foodlandbalaklava.com.au//lines/dolmio-pst-sce-tom-veg-500gm
Foodland Balaklava,2025-05-04 23:57:30,Domestos Multipurpose Bleach Original,1.25L,N/A,$6.60,$0.53 per 100mL,https://foodlandbalaklava.com.au//lines/domestos-clnr-disin-reg-1-25l-1
Foodland Balaklava,2025-05-04 23:57:30,Domestos Power Foam Artic Fresh,450mL,N/A,$6.80,$1.51 per 100g,https://foodlandbalaklava.com.au//lines/domestos-pwr-foam-ar-frsh-450ml
Foodland Balaklava,2025-05-04 23:57:30,Domestos Power Foam Citrus Blast,450mL,N/A,$6.80,$1.51 per 100g,https://foodlandbalaklava.com.au//lines/domestos-pwr-foam-cit-blst-450ml
Foodland Balaklava,2025-05-04 23:57:30,Domestos Toilet Thick Bleach Citrus Fresh,500mL,N/A,$4.30,$0.86 per 100g,https://foodlandbalaklava.com.au//lines/domestos-toilet-citrus-500ml
Foodland Balaklava,2025-05-04 23:57:30,Domestos Toilet Thick Bleach Ocean Fresh,500mL,N/A,$4.30,$0.86 per 100g,https://foodlandbalaklava.com.au//lines/domestos-toilet-oc-fresh-500ml
Foodland Balaklava,2025-05-04 23:57:30,Don Antonio Basilico Pasta Sauce,500g,N/A,$7.49,$1.50 per 100g,https://foodlandbalaklava.com.au//lines/don-antonio-basilico-pasta-sauce-500gm
Foodland Balaklava,2025-05-04 23:57:30,Don Antonio Org Passata,500g,N/A,$5.99,$1.20 per 100g,https://foodlandbalaklava.com.au//lines/don-antonio-org-passata-500gm
Foodland Balaklava,2025-05-04 23:57:30,Don Antonio Tradizionale Pasta Sce,500g,N/A,$7.49,$1.50 per 100g,https://foodlandbalaklava.com.au//lines/don-antonio-tradizionale-pasta-sce-500gm
Foodland Balaklava,2025-05-04 23:57:30,Don Vica Olives Tequila Lime And Chilli,280g,was $7.15,$6.60,$23.57 per kg,https://foodlandbalaklava.com.au//lines/dv-tequila-lime-chili-olv-280g
Foodland Balaklava,2025-05-04 23:57:30,Don Vica Olv Grmt Mixed,280g,was $7.15,$6.60,$23.57 per kg,https://foodlandbalaklava.com.au//lines/don-vica-olv-grmt-mixed-280gm
Foodland Balaklava,2025-05-04 23:57:30,Don® Deli Cuts Champagne Leg Ham Shaved,100g,N/A,$4.50,$45.00 per kg,https://foodlandbalaklava.com.au//lines/don-ham-champ-shvd-100g
Foodland Balaklava,2025-05-04 23:57:30,Don® Deli Cuts Deli Leg Ham Sliced,100g,N/A,$4.50,$45.00 per kg,https://foodlandbalaklava.com.au//lines/don-ham-leg-slc-100g
Foodland Balaklava,2025-05-04 23:57:30,Don® Deli Cuts Double Smoked Leg Ham Shaved,100g,N/A,$4.50,$45.00 per kg,https://foodlandbalaklava.com.au//lines/don-ham-dbl-smk-shv-100g
Foodland Balaklava,2025-05-04 23:57:30,Don® Deli Oven Roast Turkey Shaved,80g,N/A,$4.50,$56.25 per kg,https://foodlandbalaklava.com.au//lines/don-turkey-shaved-rst-80g
Foodland Balaklava,2025-05-04 23:57:30,Don® Donskis Snack Sticks Salami,60g,was $5.25,$4.55,$75.83 per kg,https://foodlandbalaklava.com.au//lines/don-donskis-salami-mild-60g
Foodland Balaklava,2025-05-04 23:57:30,Don® Donskis® Hot Salami Sticks,20g,was $2.10,$1.95,$97.50 per kg,https://foodlandbalaklava.com.au//lines/don-salami-stick-hot-20g
Foodland Balaklava,2025-05-04 23:57:30,Don® Donskis® Mild Salami Sticks,20g,was $2.10,$1.95,$97.50 per kg,https://foodlandbalaklava.com.au//lines/don-salami-stick-mild-20g
Foodland Balaklava,2025-05-04 23:57:30,Don® Donskis® Pork Crackle BBQ,50g,N/A,$3.15,$63.00 per kg,https://foodlandbalaklava.com.au//lines/don-prk-crckl-bbq-50gm
Foodland Balaklava,2025-05-04 23:57:30,Don® Donskis® Pork Crackle Smoky Bacon,50g,N/A,$3.15,$63.00 per kg,https://foodlandbalaklava.com.au//lines/don-prk-crckl-smk-bcn-50gm
Foodland Balaklava,2025-05-04 23:57:30,Don® Donskis® Salami Hot,40g,was $3.15,$2.60,$65.00 per kg,https://foodlandbalaklava.com.au//lines/don-salami-hot-twin-40gm
Foodland Balaklava,2025-05-04 23:57:30,Don® Double Smoked Leg Ham Thinly Sliced,200g,was $6.95,$5.00,$25.00 per kg,https://foodlandbalaklava.com.au//lines/don-ham-dbl-smk-thn-slcd-200gm
Foodland Balaklava,2025-05-04 23:57:30,Don® Easy Entertaining Italian Style Salami Sliced,80g,N/A,$5.80,$72.50 per kg,https://foodlandbalaklava.com.au//lines/don-salami-italian-entr-80g
Foodland Balaklava,2025-05-04 23:57:30,Doritos Cheese Supreme Corn Chips,8 x 19g,was $6.30,$3.00,$1.97 per 100g,https://foodlandbalaklava.com.au//lines/doritos-c-chip-ch-sup-8p-152g
Foodland Balaklava,2025-05-04 23:57:30,Doritos Corn Chips Share Pack Flaming Hot Cheese Supreme,150g,was $5.00,$3.60,$2.40 per 100g,https://foodlandbalaklava.com.au//lines/doritos-c-chip-flamin-hot150gm
Foodland Balaklava,2025-05-04 23:57:30,Doritos Corn Chips Share Pack Thai Sweet Chili,150g,was $5.00,$3.60,$2.40 per 100g,https://foodlandbalaklava.com.au//lines/doritos-c-chip-th-swt-chl150gm
Foodland Balaklava,2025-05-04 23:57:30,Doritos Hot Salsa Dip,300g,N/A,$2.75,$0.92 per 100g,https://foodlandbalaklava.com.au//lines/doritos-salsa-hot-300gm-1
Foodland Balaklava,2025-05-04 23:57:30,Dors Art Cacciatre Mld Sl120gm,N/A,N/A,$10.00,$83.33 per kg,https://foodlandbalaklava.com.au//lines/dors-art-cacciatre-mld-sl120gm
Foodland Balaklava,2025-05-04 23:57:30,Double D Barley Sugar,200g,was $3.15,$2.60,$1.30 per 100g,https://foodlandbalaklava.com.au//lines/double-d-barley-sugar-200g
Foodland Balaklava,2025-05-04 23:57:30,Double D Butter Scotch,200g,was $3.15,$2.60,$1.30 per 100g,https://foodlandbalaklava.com.au//lines/double-d-butter-scotch-200g
Foodland Balaklava,2025-05-04 23:57:30,Double D Eucalptus Drops#​150gm,N/A,was $2.65,$2.00,$1.33 per 100g,https://foodlandbalaklava.com.au//lines/double-d-eucalptus-drops-150gm
Foodland Balaklava,2025-05-04 23:57:30,Double D Eucalyptus And Honey,150g,was $2.65,$2.00,$1.33 per 100g,https://foodlandbalaklava.com.au//lines/double-d-eucalyp-honey-150gm
Foodland Balaklava,2025-05-04 23:57:30,Double D S/​F Btr Can Drps#​70gm,N/A,N/A,$2.70,$3.86 per 100g,https://foodlandbalaklava.com.au//lines/double-d-s-f-btr-can-drps-70gm
Foodland Balaklava,2025-05-04 23:57:30,Double D Smart Sweets Berry Gummies,50g,N/A,$2.70,$5.40 per 100g,https://foodlandbalaklava.com.au//lines/double-d-smart-sweets-bry-50g
Foodland Balaklava,2025-05-04 23:57:30,Double D Sour Smart Sweets,50g,N/A,$2.70,$5.40 per 100g,https://foodlandbalaklava.com.au//lines/double-d-smart-sweets-sour-50g
Foodland Balaklava,2025-05-04 23:57:30,Double Pheonix Bean Vermicelli,200g,N/A,$1.95,$0.98 per 100g,https://foodlandbalaklava.com.au//lines/dbl-phnix-bean-vermiceli-200gm
Foodland Balaklava,2025-05-04 23:57:30,Double Phoenix Vermicelli Bean,100g,N/A,$1.05,$1.05 per 100g,https://foodlandbalaklava.com.au//lines/dbl-phnix-vermicelli-bean100gm
Foodland Balaklava,2025-05-04 23:57:30,Dove Advanced Care Antiperspirant Deodorant For 72 Hours Of Protection Coconut & Jasmine Flower Aerosol,250mL,N/A,$12.10,$4.84 per 100mL,https://foodlandbalaklava.com.au//lines/dove-deod-adv-coco-jasmin250ml
Foodland Balaklava,2025-05-04 23:57:30,Dove Advanced Care Go Fresh Anti-Perspirant Deodorant Pomegranate Scent With 1/​4 Moisturising Cream And Caring Oil,50mL,N/A,$5.25,$10.50 per 100mL,https://foodlandbalaklava.com.au//lines/dove-deod-r-o-wmn-adv-pom-50ml
Foodland Balaklava,2025-05-04 23:57:30,Dove Advanced Care Go Fresh Antiperspirant Deodorant Pomegranate & Lemon Verbena Aerosol,250mL,N/A,$12.10,$4.84 per 100mL,https://foodlandbalaklava.com.au//lines/dove-deod-adv-pomegran-250ml
Foodland Balaklava,2025-05-04 23:57:31,Dove Antiperspirant Aerosol For 48 Hours Of Protection Floral Aerosol With ¼ Moisturising Cream,250mL,N/A,$10.00,$4.00 per 100mL,https://foodlandbalaklava.com.au//lines/dove-deod-wmn-base-flor-250ml
Foodland Balaklava,2025-05-04 23:57:31,Dove Antiperspirant Deodorant For 48 Hours Of Protection Classic Aerosol With ¼ Moisturising Cream,250mL,N/A,$10.00,$4.00 per 100mL,https://foodlandbalaklava.com.au//lines/dove-deod-ap-base-classic250ml
Foodland Balaklava,2025-05-04 23:57:31,Dove Antiperspirant Deodorant For 48 Hours Of Protection Fresh Aerosol With ¼ Moisturising Cream,250mL,N/A,$10.00,$4.00 per 100mL,https://foodlandbalaklava.com.au//lines/dove-deod-ap-base-fresh-250ml
Foodland Balaklava,2025-05-04 23:57:31,Dove Antiperspirant Deodorant For 48 Hours Of Protection Powder Aerosol With ¼ Moisturising Cream,250mL,N/A,$10.00,$4.00 per 100mL,https://foodlandbalaklava.com.au//lines/dove-deod-ap-base-powder-250ml
Foodland Balaklava,2025-05-04 23:57:31,"Dove Beauty Cream Bar For Soft, Smooth, Healthy-Looking Skin Gentle Exfoliating With 1/​4 Moisturising Cream",4 x 90g,N/A,$8.95,$2.49 per 100g,https://foodlandbalaklava.com.au//lines/dove-body-bar-exfol-4x90gm
Foodland Balaklava,2025-05-04 23:57:31,"Dove Beauty Cream Bar For Soft, Smooth, Healthy-Looking Skin Sensitive With 1/​4 Moisturising Cream",2 x 90g,N/A,$4.90,$2.72 per 100g,https://foodlandbalaklava.com.au//lines/dove-body-bar-sensitive-2x90gm
Foodland Balaklava,2025-05-04 23:57:31,Dove Body Bar Shea Butter Anz 12x(​2x90g),2 x 90g,N/A,$4.90,$2.72 per 100g,https://foodlandbalaklava.com.au//lines/dove-body-bar-shea-butr-2x90gm
Foodland Balaklava,2025-05-04 23:57:31,Dove Clinical Antiperspirant Cream Pomegranate,45mL,N/A,$13.65,$30.33 per 100mL,https://foodlandbalaklava.com.au//lines/dove-deod-clncl-r-o-pomgr-45ml
Foodland Balaklava,2025-05-04 23:57:31,Dove Daily Care Conditioner For Fine And Flat Hair With Bio-Restore Complex For Up To 95% More Volume,350mL,N/A,$9.45,$2.70 per 100mL,https://foodlandbalaklava.com.au//lines/dove-cond-daily-care-350ml
Foodland Balaklava,2025-05-04 23:57:31,Dove Deodorant Aerosol Cucumber & Green Tea Zero Aluminium,200mL,N/A,$8.95,$4.48 per 100mL,https://foodlandbalaklava.com.au//lines/dove-deo-wmn-zroalu-cumbr200ml
Foodland Balaklava,2025-05-04 23:57:31,Dove Deodorant Roll On Cucumber & Green Tea Zero Aluminium,50mL,N/A,$4.75,$9.50 per 100mL,https://foodlandbalaklava.com.au//lines/dove-wmn-r-o-cucmb-zro-alu50ml
Foodland Balaklava,2025-05-04 23:57:31,Dove Deodorant Roll On Peach & Lemon Verbena Zero Aluminium,50mL,N/A,$4.75,$9.50 per 100mL,https://foodlandbalaklava.com.au//lines/dove-deod-r-o-wmn-pch-zro-50ml
Foodland Balaklava,2025-05-04 23:57:31,Dove Dove Invisible Dry Anti-Perspirant Deodorant Invisible Dry With 1/​4 Moisturising Cream. Tested On 100 Colours,50mL,N/A,$5.25,$10.50 per 100mL,https://foodlandbalaklava.com.au//lines/dove-deod-r-o-wmn-fres-vlt50ml
Foodland Balaklava,2025-05-04 23:57:31,Dove Hair Dry Shampoo Refresh And Care,250mL,N/A,$10.50,$4.20 per 100mL,https://foodlandbalaklava.com.au//lines/dove-dry-s-poo-rfrsh-care250ml
Foodland Balaklava,2025-05-04 23:57:31,Dove Intensive Repair Shampoo For Damaged Hair With Bio-Restore Complex Stops 98% Of Damaged Hair,350mL,N/A,$9.45,$2.70 per 100mL,https://foodlandbalaklava.com.au//lines/dove-s-poo-int-repair-350ml
Foodland Balaklava,2025-05-04 23:57:31,Dove Men Hair Shampoo Daily Deep Clean 2 In 1,300mL,N/A,$5.00,$1.67 per 100mL,https://foodlandbalaklava.com.au//lines/dove-s-poo-deep-cln-2in1-300ml
Foodland Balaklava,2025-05-04 23:57:31,Dove Men+ Care Advanced Antiperspirant Aerosol Extra Fresh Deodorant For Men,250mL,N/A,$12.10,$4.84 per 100mL,https://foodlandbalaklava.com.au//lines/dove-deod-adv-men-x-frsh-250ml
Foodland Balaklava,2025-05-04 23:57:31,Dove Men+ Care Advanced Antiperspirant Aerosol Invisible Dry Deodorant For Men,250mL,N/A,$12.10,$4.84 per 100mL,https://foodlandbalaklava.com.au//lines/dove-deod-adv-men-inv-dry250ml
Foodland Balaklava,2025-05-04 23:57:31,Dove Men+ Care Advanced Antiperspirant Deodorant For 72h Sweat & Odour Protection Clean Comfort Aerosol,250mL,N/A,$12.10,$4.84 per 100mL,https://foodlandbalaklava.com.au//lines/dove-deod-adv-men-cln-com250ml
Foodland Balaklava,2025-05-04 23:57:31,Dove Men+ Care Antiperspirant Aerosol Classic Deodorant For Men With ¼ Moisturising Cream,250mL,N/A,$10.00,$4.00 per 100mL,https://foodlandbalaklava.com.au//lines/dove-deod-men-base-class-250ml
Foodland Balaklava,2025-05-04 23:57:31,Dove Men+ Care Antiperspirant Aerosol For 48-Hour Protection And Comfort Fresh Deodorant For Men,250mL,N/A,$10.00,$4.00 per 100mL,https://foodlandbalaklava.com.au//lines/dove-deod-men-aero-frsh-250ml
Foodland Balaklava,2025-05-04 23:57:31,Dove Men+ Care Antiperspirant Aerosol For 48-Hour Protection And Comfort Stain Defense Deodorant For Men,250mL,N/A,$10.00,$4.00 per 100mL,https://foodlandbalaklava.com.au//lines/dove-deod-men-base-stndef250ml
Foodland Balaklava,2025-05-04 23:57:31,Dove Men+​Care Dove Men+​Care Antiperspirant Roll On Clean Comfort With Triple Action Moisturising Technology,50mL,N/A,$5.25,$10.50 per 100mL,https://foodlandbalaklava.com.au//lines/dove-deod-r-o-men-c-cmfrt-50ml
Foodland Balaklava,2025-05-04 23:57:31,Dove Men+​Care Shampoo & Conditioner Fresh Clean 2 In 1 With Caffeine And Menthol,300mL,N/A,$5.00,$1.67 per 100mL,https://foodlandbalaklava.com.au//lines/dove-s-poo-frsh-cln-2in1-300ml
Foodland Balaklava,2025-05-04 23:57:31,"Dove Nourishing Moisture Conditioner For Dry Hair With Bio-Restore Complex For Softer, 10x More Resilient Hair",350mL,N/A,$9.45,$2.70 per 100mL,https://foodlandbalaklava.com.au//lines/dove-cond-nour-moist-350ml
Foodland Balaklava,2025-05-04 23:57:31,"Dove Nourishing Moisture Shampoo For Dry Hair With Bio-Restore Complex For Softer, 10x More Resilient Hair",350mL,N/A,$9.45,$2.70 per 100mL,https://foodlandbalaklava.com.au//lines/dove-s-poo-nour-moist-350ml
Foodland Balaklava,2025-05-04 23:57:31,Dove Refreshing Body Wash 24hr Nourishment With Cucumber & Green Tea Scent With ¼ Moisturising Cream,1L,N/A,$17.00,$1.70 per 100mL,https://foodlandbalaklava.com.au//lines/dove-body-wash-ccumbr-grn-1l
Foodland Balaklava,2025-05-04 23:57:31,"Dove Restoring Ritual Conditioner For Frizzy Damaged Hair With Bio-Restore Complex For 2x Stronger, Glossy Hair",350mL,N/A,$9.45,$2.70 per 100mL,https://foodlandbalaklava.com.au//lines/dove-cond-restoring-rit-350ml
Foodland Balaklava,2025-05-04 23:57:31,"Dove Restoring Ritual Shampoo For Frizzy, Damaged Hair With Bio-Restore Complex For 2x Stronger, Glossy Hair",350mL,N/A,$9.45,$2.70 per 100mL,https://foodlandbalaklava.com.au//lines/dove-s-poo-restoring-rit-350ml
Foodland Balaklava,2025-05-04 23:57:31,Dr Beck Pet Stn & Odr Rmv650ml,N/A,N/A,$13.00,$2.00 per 100mL,https://foodlandbalaklava.com.au//lines/dr-beck-pet-stn-odr-rmv650ml
Foodland Balaklava,2025-05-04 23:57:31,Dr Beckmann Carpet Stain Remover,650mL,N/A,$13.00,$2.00 per 100mL,https://foodlandbalaklava.com.au//lines/dr-beck-crpt-stn-rmv-brsh650ml
Foodland Balaklava,2025-05-04 23:57:31,Dr Oetker Pizza Pie Meaty320gm,N/A,was $7.35,$6.20,$1.94 per 100g,https://foodlandbalaklava.com.au//lines/dr-oetker-pizza-pie-meaty320gm
Foodland Balaklava,2025-05-04 23:57:31,Dr Oetker Pizza Pie Pepp,326g,was $7.35,$6.20,$1.90 per 100g,https://foodlandbalaklava.com.au//lines/dr-oetker-pizza-pie-pepp-326g
Foodland Balaklava,2025-05-04 23:57:31,Dr Oetker Ristorante Gluten Free Mozzarella,370g,N/A,$10.50,$2.84 per 100g,https://foodlandbalaklava.com.au//lines/ristorante-pizza-mzza-g-f370gm
Foodland Balaklava,2025-05-04 23:57:31,Dr. Oetker Giant Chocolate Stars,20g,was $4.45,$3.90,$19.50 per 100g,https://foodlandbalaklava.com.au//lines/dr-oetker-gnt-choc-stars-20gm
Foodland Balaklava,2025-05-04 23:57:31,Dr. Oetker Ristorante Pizza Hawaiian,310g,was $9.45,$8.50,$2.39 per 100g,https://foodlandbalaklava.com.au//lines/ristorante-pizza-hawaii-355gm
Foodland Balaklava,2025-05-04 23:57:31,Dr. Oetker Ristorante Pizza Mozzarella,335g,was $9.45,$8.50,$2.39 per 100g,https://foodlandbalaklava.com.au//lines/ristorante-pizza-mozza-355gm
Foodland Balaklava,2025-05-04 23:57:31,Dr. Oetker Ristorante Pizza Pepperoni,310g,was $9.45,$8.50,$2.74 per 100g,https://foodlandbalaklava.com.au//lines/ristorante-pizza-pproni-310gm
Foodland Balaklava,2025-05-04 23:57:31,Dr. Oetker Ristorante Pizza Quattro Formaggi,340g,was $9.45,$8.50,$2.50 per 100g,https://foodlandbalaklava.com.au//lines/ristorante-pizza-quattro-340gm
Foodland Balaklava,2025-05-04 23:57:31,Dr. Oetker Ristorante Pizza Spinaci,390g,was $9.45,$8.50,$2.18 per 100g,https://foodlandbalaklava.com.au//lines/ristorante-pizza-spinaci-390gm
Foodland Balaklava,2025-05-04 23:57:31,Drag/​Phoenix Frd Shllot #​100gm,N/A,N/A,$3.35,$3.35 per 100g,https://foodlandbalaklava.com.au//lines/drag-phoenix-frd-shllot-100gm
Foodland Balaklava,2025-05-04 23:57:31,Drynites Night Time Pants For Girls 2-4 Years (​13-20kg) 10 Pack,N/A,was $13.65,$11.00,$1.10 Each,https://foodlandbalaklava.com.au//lines/huggies-drynite-grl-2-4-yr-10s
Foodland Balaklava,2025-05-04 23:57:31,Du Jour Croissants Btr 12pk,N/A,N/A,$15.75,$1.75 per 100g,https://foodlandbalaklava.com.au//lines/du-jour-croissants-btr-12pk
Foodland Balaklava,2025-05-04 23:57:31,Duck 4 In 1 Liquid Rim Block Toilet Cleaner Lavender,50mL,N/A,$4.75,$9.50 per 100mL,https://foodlandbalaklava.com.au//lines/duck-lutr-lavender-50ml
Foodland Balaklava,2025-05-04 23:57:31,Duck 4 In 1 Liquid Rim Block Toilet Cleaner Marine,50mL,N/A,$4.75,$9.50 per 100mL,https://foodlandbalaklava.com.au//lines/duck-lutr-aqua-burst-50ml
Foodland Balaklava,2025-05-04 23:57:31,Duck Deep Action Gel Toilet Cleaner Lavender,750mL,N/A,$7.35,$0.98 per 100mL,https://foodlandbalaklava.com.au//lines/duck-deep-act-gel-laven-750ml
Foodland Balaklava,2025-05-04 23:57:31,Duck Deep Action Gel Toilet Cleaner Limited Edition Fragrance,750mL,N/A,$7.35,$0.98 per 100mL,https://foodlandbalaklava.com.au//lines/duck-deep-act-gel-ltd-ed-750ml
Foodland Balaklava,2025-05-04 23:57:31,Duck Deep Action Gel Toilet Cleaner Marine,750mL,N/A,$7.35,$0.98 per 100mL,https://foodlandbalaklava.com.au//lines/duck-deep-act-gel-marine-750ml
Foodland Balaklava,2025-05-04 23:57:32,Duck Deep Action Gel Toilet Cleaner Pine,750mL,N/A,$7.35,$0.98 per 100mL,https://foodlandbalaklava.com.au//lines/duck-deep-act-gel-pin-750ml
Foodland Balaklava,2025-05-04 23:57:32,Duck Foaming Bleach Gel Toilet Cleaner Marine,750mL,N/A,$7.15,$0.95 per 100mL,https://foodlandbalaklava.com.au//lines/duck-foam-blch-gel-marin-750ml
Foodland Balaklava,2025-05-04 23:57:32,Duck Fresh Discs Toilet Cleaner Lavender,N/A,N/A,$7.65,$21.25 per 100mL,https://foodlandbalaklava.com.au//lines/duck-fresh-discs-lavender-36ml
Foodland Balaklava,2025-05-04 23:57:32,Duck Fresh Discs Toilet Cleaner Marine,36mL,N/A,$7.65,$21.25 per 100mL,https://foodlandbalaklava.com.au//lines/duck-fresh-discs-marin-36ml
Foodland Balaklava,2025-05-04 23:57:32,"Duck Toilet Cleaner, Blue Plus Solid Toilet Rim Block",40g,N/A,$3.15,$7.88 per 100g,https://foodlandbalaklava.com.au//lines/flush-duck-prime-blu-plus-40gm
Foodland Balaklava,2025-05-04 23:57:32,"Duck Toilet Cleaner, Blue Plus Solid Toilet Rim Block Twin Refills",2 x 40g,N/A,$5.24,$6.55 per 100g,https://foodlandbalaklava.com.au//lines/flush-duck-refil-blu-plus2x40g
Foodland Balaklava,2025-05-04 23:57:32,Dulwich Apple & Cinn Cake,550g,was $8.35,$8.25,$1.50 per 100g,https://foodlandbalaklava.com.au//lines/dulwich-apple-cinn-cake-550g
Foodland Balaklava,2025-05-04 23:57:32,Dulwich Apr/​Almond Cookies,350g,N/A,$7.50,$2.14 per 100g,https://foodlandbalaklava.com.au//lines/dulwich-apr-almond-cookies-350g
Foodland Balaklava,2025-05-04 23:57:32,Dulwich Bakery Lemon Surprise Cake,550g,was $8.35,$8.25,$1.50 per 100g,https://foodlandbalaklava.com.au//lines/dulwich-lemon-surprise-cake-550g
Foodland Balaklava,2025-05-04 23:57:32,Dulwich Choc Espresso Cake,550g,was $8.35,$8.25,$1.50 per 100g,https://foodlandbalaklava.com.au//lines/dulwich-choc-espresso-cake-550gm
Foodland Balaklava,2025-05-04 23:57:32,Dulwich Dbl Choc Cookies,350g,N/A,$7.50,$2.50 per 100g,https://foodlandbalaklava.com.au//lines/dulwich-dbl-choc-cookies-350g
Foodland Balaklava,2025-05-04 23:57:32,Dummy Holder Chain,N/A,N/A,$3.95,N/A,https://foodlandbalaklava.com.au//lines/dummy-holder-chain
Foodland Balaklava,2025-05-04 23:57:32,Dumpling 100 Pork & Prawn Dumplings,500g,N/A,$18.90,$3.78 per 100g,https://foodlandbalaklava.com.au//lines/dumpling100-pork-prawn-500g
Foodland Balaklava,2025-05-04 23:57:32,Duracell Aa Batteries,N/A,was $7.50,$5.25,$1.31 Each,https://foodlandbalaklava.com.au//lines/duracell-batt-e-day-aa-4pk
Foodland Balaklava,2025-05-04 23:57:32,Duracell Coppertop 9v 1 Pack Battery,N/A,was $10.00,$9.00,N/A,https://foodlandbalaklava.com.au//lines/duracell-c-top-bat-9v-1pk-1
Foodland Balaklava,2025-05-04 23:57:32,Duracell Coppertop Aa 10 Pack Batteries,N/A,was $19.95,$15.00,$1.50 Each,https://foodlandbalaklava.com.au//lines/duracell-coppertop-aa-alkaline-batteries-10-pack
Foodland Balaklava,2025-05-04 23:57:32,Duracell Coppertop Aa 4 Pack Batteries,N/A,was $12.60,$8.00,$2.00 Each,https://foodlandbalaklava.com.au//lines/duracell-coppertop-batteries-aa-4-pack
Foodland Balaklava,2025-05-04 23:57:32,Duracell Coppertop Aaa Alkaline Batteries 4 Pack,N/A,was $12.60,$8.00,$2.00 Each,https://foodlandbalaklava.com.au//lines/duracell-coppertop-batteries-aaa-4-pack
Foodland Balaklava,2025-05-04 23:57:32,Duracell Coppertop Aaa Alkaline Batteries 8 Pack,N/A,was $19.95,$15.00,$1.88 Each,https://foodlandbalaklava.com.au//lines/duracell-c-top-bat-aaa-8pk
Foodland Balaklava,2025-05-04 23:57:32,Duracell Coppertop Batteries D 2 Pack,N/A,was $10.50,$8.65,$4.32 Each,https://foodlandbalaklava.com.au//lines/duracell-coppertop-batteries-d-2-pack
Foodland Balaklava,2025-05-04 23:57:32,Duracell Coppertop C Alkaline Batteries 2 Pack,N/A,was $10.25,$8.65,$4.32 Each,https://foodlandbalaklava.com.au//lines/duracell-coppertop-c-alkaline-batteries-2-pack
Foodland Balaklava,2025-05-04 23:57:32,Duracell Specialty 2025 Lithium 2 Pack Batteries,N/A,was $10.00,$9.50,$4.75 Each,https://foodlandbalaklava.com.au//lines/duracell-lithium-batteries-cr2025-2-pack
Foodland Balaklava,2025-05-04 23:57:32,Duracell Specialty 2025 Lithium 4 Pack Batteries,N/A,was $17.33,$16.50,$4.12 Each,https://foodlandbalaklava.com.au//lines/duracell-batt-lith-2025-4pk
Foodland Balaklava,2025-05-04 23:57:32,Duracell Specialty 2032 4 Pack Batteries,N/A,was $17.33,$16.50,$4.12 Each,https://foodlandbalaklava.com.au//lines/duracell-batt-lith-2032-4pk
Foodland Balaklava,2025-05-04 23:57:32,Duracell Specialty 2032 Lithium 2 Pack Batteries,N/A,was $10.00,$9.50,$4.75 Each,https://foodlandbalaklava.com.au//lines/duracell-lithium-coin-battery-2032-2-pack
Foodland Balaklava,2025-05-04 23:57:32,"Durex K-Y Jelly Personal Lubricant Gel, Pack Of",100g,N/A,$10.50,$10.50 per 100g,https://foodlandbalaklava.com.au//lines/durex-ky-lube-100gm
Foodland Balaklava,2025-05-04 23:57:32,Durex Lubricant Play Aloe Vera 2in1 Massage,200mL,N/A,$10.50,$5.25 per 100mL,https://foodlandbalaklava.com.au//lines/durex-lube-2in1-play-msg-200ml
Foodland Balaklava,2025-05-04 23:57:32,Duro-Tuss Lingering Cough Liquid Immune Support Blackberry & Vanilla,200mL,was $17.00,$13.60,$6.80 per 100mL,https://foodlandbalaklava.com.au//lines/duro-tuss-cough-imn-sup-200ml
Foodland Balaklava,2025-05-04 23:57:32,Duro-Tuss Relief Dry Cough Liquid - Blackberry & Vanilla Flavour,200mL,was $17.00,$13.60,$6.80 per 100mL,https://foodlandbalaklava.com.au//lines/duro-tuss-cough-liq-dry-200ml
Foodland Balaklava,2025-05-04 23:57:32,"Dymo Letratag 100h Handheld Label Maker, Blue",N/A,N/A,$55.00,N/A,https://foodlandbalaklava.com.au//lines/dymo-labeler-letratg-100blu-1p
Foodland Balaklava,2025-05-04 23:57:32,Dymo Letratag Plastic Tape 12mm X White,4m,N/A,$18.50,N/A,https://foodlandbalaklava.com.au//lines/dymo-label-white-refill-1pk-1
Foodland Balaklava,2025-05-04 23:57:32,Dynamic Lifter Fertiliser,2.5kg,N/A,$15.60,N/A,https://foodlandbalaklava.com.au//lines/dynamic-lifter-fertiliser2-5kg
Foodland Balaklava,2025-05-04 23:57:32,Dynamo Professional 7 In 1 Laundry Detergent Capsules 14 Pack,N/A,was $18.90,$9.25,$0.66 Each,https://foodlandbalaklava.com.au//lines/dynamo-pro-7in1-disc-14pk
Foodland Balaklava,2025-05-04 23:57:32,Dynamo Professional 7 In 1 Laundry Detergent Capsules 28 Pack,N/A,N/A,$33.60,$1.20 Each,https://foodlandbalaklava.com.au//lines/dynamo-pro-7in1-disc-28pk
Foodland Balaklava,2025-05-04 23:57:32,Dynamo Professional 7 In 1 Laundry Detergent Liquid,1L,was $16.30,$12.00,$12.00 per L,https://foodlandbalaklava.com.au//lines/dynamo-l-liq-prof-7in1-1l
Foodland Balaklava,2025-05-04 23:57:32,Dynamo Professional 7 In 1 Laundry Detergent Liquid,2L,N/A,$30.45,$15.22 per L,https://foodlandbalaklava.com.au//lines/dynamo-l-liq-prof-7in1-2l
Foodland Balaklava,2025-05-04 23:57:32,Dynamo Professional 7 In 1 Laundry Detergent Liquid,4L,was $43.05,$37.10,$9.28 per L,https://foodlandbalaklava.com.au//lines/dynamo-l-liq-prof-7in1-4l
Foodland Balaklava,2025-05-04 23:57:32,Dynamo Professional Odour Eliminator Laundry Detergent Capsules 28 Pack,N/A,N/A,$33.60,$1.20 Each,https://foodlandbalaklava.com.au//lines/dynamo-pro-odour-el-disc-28s
Foodland Balaklava,2025-05-04 23:57:32,Dynamo Professional Oxi Laundry Detergent Capsules 28 Pack,N/A,N/A,$33.60,$1.20 Each,https://foodlandbalaklava.com.au//lines/dynamo-oxi-disc-28s
Foodland Balaklava,2025-05-04 23:57:32,Dé​cor Fruit Infuser Jug,2.4L,N/A,$16.50,N/A,https://foodlandbalaklava.com.au//lines/decor-mtchups-clps-wtrjg-2-4l
Foodland Balaklava,2025-05-04 23:57:32,Dé​cor Go - Expandable Cooler,N/A,N/A,$17.00,N/A,https://foodlandbalaklava.com.au//lines/decor-go-2in1-expnd-cooler-1pk
Foodland Balaklava,2025-05-04 23:57:32,Dé​cor Match Ups Clips Square,3L,N/A,$11.03,N/A,https://foodlandbalaklava.com.au//lines/decor-matchups-clips-t-sqr-3l
Foodland Balaklava,2025-05-04 23:57:32,Dé​cor Match Ups Container Oblong Clip,1L,N/A,$6.85,N/A,https://foodlandbalaklava.com.au//lines/decor-m-ups-cont-oblo-clip-1l
Foodland Balaklava,2025-05-04 23:57:32,Dé​cor Match Ups Oblong Clips,4L,N/A,$13.65,N/A,https://foodlandbalaklava.com.au//lines/decor-m-ups-cont-oblo-clip-4l
Foodland Balaklava,2025-05-04 23:57:32,Dé​cor Snacks & Dips Tubs,6 x 75mL,N/A,$7.60,N/A,https://foodlandbalaklava.com.au//lines/decor-go-dip-tub-75ml-6pk
Foodland Balaklava,2025-05-04 23:57:32,Dé​cor Square Match Ups Container,1.4L,N/A,$7.90,N/A,https://foodlandbalaklava.com.au//lines/decor-matchups-clips-sqr-1-4l
Foodland Balaklava,2025-05-04 23:57:32,E/​Line Nutloaf Dt&​Wlnut,480g,N/A,$9.20,$1.74 per 100g,https://foodlandbalaklava.com.au//lines/e-line-nutloaf-dt-wlnut-480gm
Foodland Balaklava,2025-05-04 23:57:32,E/​Line Rocky Road,200g,N/A,$8.00,$40.00 per kg,https://foodlandbalaklava.com.au//lines/e-line-rocky-road-200g
Foodland Balaklava,2025-05-04 23:57:34,Earth Choice 3in1 Laundry Detergent Pod Capsules Top & Front Loader Fresh Eucalyptus,28 x 420g,was $15.75,$14.00,$0.50 Each,https://foodlandbalaklava.com.au//lines/earths-chce-laun-caps-euc-28s
Foodland Balaklava,2025-05-04 23:57:34,Earth Choice All In One Dishwasher Tablets Lemon,672g,was $17.80,$14.00,$0.33 Each,https://foodlandbalaklava.com.au//lines/earths-chce-d-wash-tab-42pk
Foodland Balaklava,2025-05-04 23:57:34,Earth Choice Antibacterial All Purpose Surface Cleaner Trigger Spray,600mL,was $4.60,$3.60,$0.60 per 100mL,https://foodlandbalaklava.com.au//lines/earths-chce-spry-a-purp-600ml
Foodland Balaklava,2025-05-04 23:57:34,Earth Choice Antibacterial Bath & Shower Cleaner Trigger Spray,600mL,was $4.60,$4.05,$0.68 per 100mL,https://foodlandbalaklava.com.au//lines/earths-chce-clnr-shower-600ml
Foodland Balaklava,2025-05-04 23:57:34,Earth Choice Dishwasher Powder Lemon Fresh,1kg,was $11.20,$9.90,$9.90 per kg,https://foodlandbalaklava.com.au//lines/earths-chce-d-wsh-pwdr-1kg
Foodland Balaklava,2025-05-04 23:57:34,Earth Choice Fabric Softener Conditioner Top & Front Loader Pure Soft,1L,N/A,$2.70,$2.70 per L,https://foodlandbalaklava.com.au//lines/earths-chce-fabric-softnr-1l
Foodland Balaklava,2025-05-04 23:57:34,Earth Choice Kitchen Power Spray,600mL,was $4.75,$4.40,$0.73 per 100mL,https://foodlandbalaklava.com.au//lines/earths-chce-clnr-kitchen-600ml
Foodland Balaklava,2025-05-04 23:57:34,Earth Choice Toilet Cleaner Liquid Power Gel Aqua Fresh,750mL,N/A,$3.80,$0.51 per 100mL,https://foodlandbalaklava.com.au//lines/earths-chce-t-clnr-aqua-750ml
Foodland Balaklava,2025-05-04 23:57:34,Earth Choice Top & Front Load Ultra Concentrate Laundry Powder,1kg,was $10.25,$9.75,$9.75 per kg,https://foodlandbalaklava.com.au//lines/earths-chce-laun-pwd-t-f-ld1kg
Foodland Balaklava,2025-05-04 23:57:34,Earth Choice Ultra Concentrate Bioplus Laundry Liquid Detergent Top & Front Loader,2L,was $16.55,$15.80,$7.90 per L,https://foodlandbalaklava.com.au//lines/earths-chce-l-lq-bio-plus-2l
Foodland Balaklava,2025-05-04 23:57:34,Earth Choice Ultra Concentrate Dishwashing Liquid Green Tea & Lime,900mL,was $6.50,$4.40,$0.49 per 100mL,https://foodlandbalaklava.com.au//lines/earths-chce-d-wsh-g-tea-900ml
Foodland Balaklava,2025-05-04 23:57:34,Earth Choice Ultra Concentrate Dishwashing Liquid Lemon Burst,500mL,N/A,$3.70,$0.74 per 100mL,https://foodlandbalaklava.com.au//lines/earths-chce-d-wsh-lem-500ml
Foodland Balaklava,2025-05-04 23:57:34,Earth Choice Ultra Concentrate Dishwashing Liquid Lemongrass & Ginger,500mL,N/A,$3.70,$0.74 per 100mL,https://foodlandbalaklava.com.au//lines/earths-chce-d-wsh-lem-gr-500ml
Foodland Balaklava,2025-05-04 23:57:34,Earth Choice Ultra Concentrate Dishwashing Liquid Red Apple,500mL,N/A,$3.70,$0.74 per 100mL,https://foodlandbalaklava.com.au//lines/earths-chce-d-wsh-apl-500ml
Foodland Balaklava,2025-05-04 23:57:34,Earth Choice Ultra Concentrate Fabric Softener Conditioner Top & Front Loader Wild Orchid & Magnolia,1L,was $6.85,$6.40,$6.40 per L,https://foodlandbalaklava.com.au//lines/earths-chce-f-sft-wld-orch-1l
Foodland Balaklava,2025-05-04 23:57:34,Earth Choice Ultra Concentrate Laundry Liquid Detergent Top & Front Loader,1L,was $8.40,$6.95,$6.95 per L,https://foodlandbalaklava.com.au//lines/earths-chce-l-lq-conc-ultra-1l
Foodland Balaklava,2025-05-04 23:57:34,Earth Choice Ultra Concentrate Laundry Liquid Detergent Top & Front Loader,2L,was $14.70,$13.30,$6.65 per L,https://foodlandbalaklava.com.au//lines/earths-chce-l-lq-conc-top-ft2l
Foodland Balaklava,2025-05-04 23:57:34,Earth Choice Ultra Concentrate Laundry Liquid Detergent Top & Front Loader,4L,was $20.80,$17.00,$4.25 per L,https://foodlandbalaklava.com.au//lines/earths-chce-l-lq-conc-top-ft4l
Foodland Balaklava,2025-05-04 23:57:34,Earth Choice Ultra Concentrate Laundry Powder Detergent Top & Front Loader,2kg,N/A,$16.00,$8.00 per kg,https://foodlandbalaklava.com.au//lines/earths-chce-laun-pdr-top-2kg
Foodland Balaklava,2025-05-04 23:57:34,Earth Choice Ultra Concentrate Sensitive Laundry Liquid Detergent Top & Front Loader,1L,was $8.40,$6.95,$6.95 per L,https://foodlandbalaklava.com.au//lines/earths-chce-l-lq-sensitive-1l
Foodland Balaklava,2025-05-04 23:57:34,Earth Choice Ultra Power Stain Remover,400mL,was $4.35,$3.60,$0.90 per 100mL,https://foodlandbalaklava.com.au//lines/earths-chce-p-wsh-s-remvr400ml
Foodland Balaklava,2025-05-04 23:57:34,Earth Choice Window & Glass Cleaner Trigger Spray,600mL,was $3.60,$3.05,$0.51 per 100mL,https://foodlandbalaklava.com.au//lines/earths-chce-clnr-window-600ml
Foodland Balaklava,2025-05-04 23:57:34,Earth Choice Wooden Floor & Surface Cleaner,750mL,was $5.25,$4.90,$0.65 per 100mL,https://foodlandbalaklava.com.au//lines/earths-chce-clnr-flr-wood750ml
Foodland Balaklava,2025-05-04 23:57:34,Earth Taste Life Black Peppercorns,170g,was $6.85,$5.35,$0.31 per 10g,https://foodlandbalaklava.com.au//lines/etl-blck-p-crn-refill-jar-170g
Foodland Balaklava,2025-05-04 23:57:34,Earth Tofu Firm,375g,N/A,$9.30,$2.48 per 100g,https://foodlandbalaklava.com.au//lines/earth-tofu-firm-375g
Foodland Balaklava,2025-05-04 23:57:34,Earthwise Lemon Fresh Ultra Concentrate Dish Liquid,500mL,N/A,$6.30,$1.26 per 100mL,https://foodlandbalaklava.com.au//lines/earthwise-d-wsh-lemon-500ml
Foodland Balaklava,2025-05-04 23:57:34,Earthwise Lemon Fresh Ultra Concentrate Dish Liquid,900mL,N/A,$9.45,$1.05 per 100mL,https://foodlandbalaklava.com.au//lines/earthwise-d-wsh-lemon-900ml
Foodland Balaklava,2025-05-04 23:57:34,Earthwise Orange & Eucalyptus Liquid Laundry Detergent,2L,N/A,$21.00,$10.50 per L,https://foodlandbalaklava.com.au//lines/earthwise-l-liq-orng-euc-2l
Foodland Balaklava,2025-05-04 23:57:34,Earthwise Orange & Eucalyptus Ultra Concentrate Dish Liquid,500mL,N/A,$6.30,$1.26 per 100mL,https://foodlandbalaklava.com.au//lines/earthwise-d-wsh-orng-euc-500ml
Foodland Balaklava,2025-05-04 23:57:34,Earthwise Sensitive Liquid Laundry Detergent,4L,N/A,$35.70,$8.92 per L,https://foodlandbalaklava.com.au//lines/earthwise-l-liq-sensitive-4l
Foodland Balaklava,2025-05-04 23:57:34,Easeacold Cold & Congestion Day/​Night 30 Soft Capsules,N/A,N/A,$15.00,$0.50 Each,https://foodlandbalaklava.com.au//lines/ease-a-cold-cld-congst-d-n-30s
Foodland Balaklava,2025-05-04 23:57:34,Easy Bakers Glu/​Fr Spe Wht#​1kg,N/A,N/A,$7.95,$7.95 per kg,https://foodlandbalaklava.com.au//lines/easy-bakers-glu-fr-spe-wht-1kg
Foodland Balaklava,2025-05-04 23:57:34,Easy Off Bam Bathroom Foam,590g,N/A,$8.95,$1.52 per 100g,https://foodlandbalaklava.com.au//lines/easy-off-bam-b-rm-fm-lmn-590gm
Foodland Balaklava,2025-05-04 23:57:34,Easy Off Bam Bathroom Specialist Large Wipes 110 Pack,N/A,N/A,$13.65,$12.41 Units100,https://foodlandbalaklava.com.au//lines/easy-off-bam-bathrm-wipe-110s
Foodland Balaklava,2025-05-04 23:57:34,Easy Off Ovn Clnr Fume Fr325gm,N/A,N/A,$5.80,$1.78 per 100g,https://foodlandbalaklava.com.au//lines/easy-off-ovn-clnr-fume-fr325gm-2
Foodland Balaklava,2025-05-04 23:57:34,Easy-Off Bam Degreaser Trigger,750mL,N/A,$8.95,$11.93 per L,https://foodlandbalaklava.com.au//lines/easy-off-bam-clnr-deg-trg750ml
Foodland Balaklava,2025-05-04 23:57:34,Easy-Off Bam Expert Bleach Power Cleaner,750mL,N/A,$8.95,$11.93 per L,https://foodlandbalaklava.com.au//lines/easy-off-bam-clnr-bleach-750ml
Foodland Balaklava,2025-05-04 23:57:34,Eclipse Peppermint Flavoured Chewy Mints Tin,27g,N/A,$2.10,$7.78 per 100g,https://foodlandbalaklava.com.au//lines/wrig-eclipse-chwy-pmint-27gm
Foodland Balaklava,2025-05-04 23:57:34,Eclipse Spearmint Flavoured Chewy Mints Tin,27g,N/A,$2.10,$7.78 per 100g,https://foodlandbalaklava.com.au//lines/wrig-eclipse-chwy-smint-27gm
Foodland Balaklava,2025-05-04 23:57:34,Eclipse Spearmint Flavoured Sugar Free Mints Tin,40g,was $4.20,$3.60,$9.00 per 100g,https://foodlandbalaklava.com.au//lines/wrig-eclipse-mnt-s-mnt-40gm
Foodland Balaklava,2025-05-04 23:57:34,Eclipse Strawberry Flavoured Sugar Free Mints Tin,40g,was $4.20,$3.60,$9.00 per 100g,https://foodlandbalaklava.com.au//lines/wrig-eclipse-mnt-strwbry-40gm
Foodland Balaklava,2025-05-04 23:57:34,Edenvale Shiraz Non Alcohlic,750mL,N/A,$11.05,$14.73 per L,https://foodlandbalaklava.com.au//lines/edenvale-shiraz-n-alcohol750ml
Foodland Balaklava,2025-05-04 23:57:34,Edenvale Sparkling Rose Non Alcoholic,750mL,N/A,$11.05,$14.73 per L,https://foodlandbalaklava.com.au//lines/edenvale-s-rose-n-alco-750ml
Foodland Balaklava,2025-05-04 23:57:34,Edg Kidney Beans Red Nas,400g,was $2.30,$1.95,$4.88 per kg,https://foodlandbalaklava.com.au//lines/edg-kidney-beans-red-nas-400gm
Foodland Balaklava,2025-05-04 23:57:34,Edgell Black Bean & Charred Corn - Lime & Herbs,70g,was $1.70,$1.40,$20.00 per kg,https://foodlandbalaklava.com.au//lines/edg-blk-bn-crn-lme-hrb-70gm
Foodland Balaklava,2025-05-04 23:57:34,Edgell Butter Beans,400g,was $2.30,$1.95,$4.88 per kg,https://foodlandbalaklava.com.au//lines/edg-butter-beans-400gm
Foodland Balaklava,2025-05-04 23:57:34,Edgell Chick Pea Mpack,4 x 125g,N/A,$3.80,$7.60 per kg,https://foodlandbalaklava.com.au//lines/edg-peas-chick-m-pack-4x125gm
Foodland Balaklava,2025-05-04 23:57:34,Edgell Chick Peas With Zesty Vinaigrette,70g,was $1.70,$1.40,$20.00 per kg,https://foodlandbalaklava.com.au//lines/edg-peas-chick-zsty-vinaig70gm
Foodland Balaklava,2025-05-04 23:57:35,Edgell Corn Kernels Value Pack,4 x 125g,N/A,$3.80,$7.60 per kg,https://foodlandbalaklava.com.au//lines/edg-corn-kernels-mlt-pk4x125gm
Foodland Balaklava,2025-05-04 23:57:35,Edgell Edamame Beans,4 x 125g,N/A,$5.25,$10.50 per kg,https://foodlandbalaklava.com.au//lines/edg-beans-edamame-4x125gm
Foodland Balaklava,2025-05-04 23:57:35,Edgell Lentils With Capsicum Snack Time,70g,was $1.70,$1.40,$20.00 per kg,https://foodlandbalaklava.com.au//lines/edg-lentils-caps-pars-70g
Foodland Balaklava,2025-05-04 23:57:35,Edgell Nas Four Bean Mix,400g,was $2.30,$1.95,$4.88 per kg,https://foodlandbalaklava.com.au//lines/edg-4-bean-mix-nas-400gm
Foodland Balaklava,2025-05-04 23:57:35,Edgell Organic Black Beans,400g,was $2.65,$2.20,$5.50 per kg,https://foodlandbalaklava.com.au//lines/edg-blk-bn-org-nas-400gm
Foodland Balaklava,2025-05-04 23:57:35,Edgell Organic Red Kidney Beans,400g,was $2.65,$2.20,$5.50 per kg,https://foodlandbalaklava.com.au//lines/edg-kidney-beans-org-nas-400gm
Foodland Balaklava,2025-05-04 23:57:35,Edgell Sliced Green Beans,410g,N/A,$1.90,$4.63 per kg,https://foodlandbalaklava.com.au//lines/edg-beans-green-sliced-410gm
Foodland Balaklava,2025-05-04 23:57:35,Edgell Vegetables Mix,420g,N/A,$3.15,$7.50 per kg,https://foodlandbalaklava.com.au//lines/edg-vegetables-mixed-420gm
Foodland Balaklava,2025-05-04 23:57:35,Edlyn Topping Sqz Banana,1L,N/A,$7.50,$7.50 per L,https://foodlandbalaklava.com.au//lines/edlyn-topping-sqz-banana-1lt
Foodland Balaklava,2025-05-04 23:57:35,Edlyn Topping Sqz Caramel,1L,N/A,$7.50,$7.50 per L,https://foodlandbalaklava.com.au//lines/edlyn-topping-sqz-caramel-1lt
Foodland Balaklava,2025-05-04 23:57:35,Edlyn Topping Sqz Chocolate,1L,N/A,$7.50,$7.50 per L,https://foodlandbalaklava.com.au//lines/edlyn-topping-sqz-chocolate-1lt
Foodland Balaklava,2025-05-04 23:57:35,Edlyn Topping Sqz Strawberry,1L,N/A,$7.50,$7.50 per L,https://foodlandbalaklava.com.au//lines/edlyn-topping-sqz-strawberry-1lt
Foodland Balaklava,2025-05-04 23:57:35,Ek Mini-Horse,N/A,N/A,$17.99,N/A,https://foodlandbalaklava.com.au//lines/ek-mini-horse-1
Foodland Balaklava,2025-05-04 23:57:35,Elastoplast Disney Frozen Ii 20 Pack,N/A,N/A,$4.20,$0.21 Each,https://foodlandbalaklava.com.au//lines/e-plast-strips-frozen-20s
Foodland Balaklava,2025-05-04 23:57:35,Elastoplast Elastic Fabric Roll Plaster 2.​5cm X m,3 x 3m,N/A,$8.20,$0.27 per cm,https://foodlandbalaklava.com.au//lines/e-plast-plaster-adhes-1001a-3m-1
Foodland Balaklava,2025-05-04 23:57:35,Elastoplast Extra Tough Xl 10 Pack,N/A,N/A,$6.30,$0.63 Each,https://foodlandbalaklava.com.au//lines/e-plast-fab-strip-hvy-xl-10s
Foodland Balaklava,2025-05-04 23:57:35,Elastoplast Flexible Fabric 40 Pack,N/A,N/A,$5.05,$0.13 Each,https://foodlandbalaklava.com.au//lines/e-plast-fab-strip-40s
Foodland Balaklava,2025-05-04 23:57:35,Elastoplast Flexible Fabric Strips 20 Pack,N/A,N/A,$4.05,$0.20 Each,https://foodlandbalaklava.com.au//lines/e-plast-fabric-strip-20s
Foodland Balaklava,2025-05-04 23:57:35,Elastoplast Non-Stick Dressings 5 X 7.​5cm 5 Pack 7.​5cm,N/A,N/A,$6.40,$1.28 Each,https://foodlandbalaklava.com.au//lines/e-plast-wound-pad-n-stick-5s
Foodland Balaklava,2025-05-04 23:57:35,Elastoplast Plastic 40 Pack,N/A,was $4.10,$3.50,$0.09 Each,https://foodlandbalaklava.com.au//lines/e-plast-plas-strip-40s
Foodland Balaklava,2025-05-04 23:57:35,Elastoplast Rigid Strapping Tape 38mm X Value Pack,15m,N/A,$10.00,$0.67 per cm,https://foodlandbalaklava.com.au//lines/e-plast-tape-sprt-rig-15m
Foodland Balaklava,2025-05-04 23:57:35,Elastoplast Sensitive Assorted 40 Pack,N/A,N/A,$6.30,$0.16 Each,https://foodlandbalaklava.com.au//lines/e-plast-strip-sens-wht-ast-40s
Foodland Balaklava,2025-05-04 23:57:35,Elastoplast Sensitive Kids 20 Pack,N/A,N/A,$4.20,$0.21 Each,https://foodlandbalaklava.com.au//lines/e-plast-strips-sens-animal-20s
Foodland Balaklava,2025-05-04 23:57:35,Elastoplast Wound Healing Ointment,50g,N/A,$9.65,$19.30 per 100g,https://foodlandbalaklava.com.au//lines/e-plast-wound-ointment-50gm
Foodland Balaklava,2025-05-04 23:57:35,Elmer's Clear Liquid School Glue,148mL,N/A,$8.20,N/A,https://foodlandbalaklava.com.au//lines/elmers-glue-clear-147ml-1
Foodland Balaklava,2025-05-04 23:57:35,Elmer's Gue Premade Slime Strawberry Donut With Mix-Ins 8oz (​237ml) Jar,N/A,N/A,$12.60,N/A,https://foodlandbalaklava.com.au//lines/elmers-slime-sbry-dnut-mix-8oz
Foodland Balaklava,2025-05-04 23:57:35,Elmer's Gue Premade Slime Unicorn Butter With Mix-Ins 8oz (​237ml) Jar,N/A,N/A,$12.60,N/A,https://foodlandbalaklava.com.au//lines/elmers-slime-premade-unicrn8oz-1
Foodland Balaklava,2025-05-04 23:57:35,Elmer's Liquid School Glue,225mL,N/A,$7.35,N/A,https://foodlandbalaklava.com.au//lines/elmers-glue-school-225ml-1
Foodland Balaklava,2025-05-04 23:57:35,Elmer’​S Gue Premade Slime Night Owl Glow In The Dark 8oz (​237ml) Jar,N/A,N/A,$11.55,N/A,https://foodlandbalaklava.com.au//lines/elmers-night-owl-premade-slime
Foodland Balaklava,2025-05-04 23:57:35,Elmer’​S Unicorn Magic Slime Kit,N/A,N/A,$19.00,N/A,https://foodlandbalaklava.com.au//lines/elmers-slime-kit-unicorn-2pk
Foodland Balaklava,2025-05-04 23:57:35,Emma & Myrtles Baby Orange Cake,300g,N/A,$4.90,$1.63 per 100g,https://foodlandbalaklava.com.au//lines/e-line-s-baby-orange-cake-300gm
Foodland Balaklava,2025-05-04 23:57:35,Emmaline's Melting Moment,350g,was $9.50,$8.75,$2.50 per 100g,https://foodlandbalaklava.com.au//lines/e-line-c-k-melting-momet-350gm
Foodland Balaklava,2025-05-04 23:57:35,Emmalines Lemon Melting Moments,350g,was $9.50,$8.75,$2.50 per 100g,https://foodlandbalaklava.com.au//lines/e-line-s-lemon-melt-moments-350g
Foodland Balaklava,2025-05-04 23:57:35,Emmalines Saltana Cake,450g,N/A,$9.50,$2.11 per 100g,https://foodlandbalaklava.com.au//lines/e-line-c-k-cake-sultana-450gm
Foodland Balaklava,2025-05-04 23:57:35,Energizer Advanced Battery Aa 10,N/A,N/A,$23.65,$2.36 Each,https://foodlandbalaklava.com.au//lines/energizer-advanced-aa-10pk
Foodland Balaklava,2025-05-04 23:57:35,Energizer Alkaline Photo Battery Aaaa 2,N/A,N/A,$12.58,$6.29 Each,https://foodlandbalaklava.com.au//lines/energizer-max-aaaa-2pk
Foodland Balaklava,2025-05-04 23:57:35,Energizer Batt A27 Bp1,N/A,N/A,$3.70,N/A,https://foodlandbalaklava.com.au//lines/energizer-batt-a27-bp1
Foodland Balaklava,2025-05-04 23:57:35,Energizer Max Battery 9v Tagged 1,N/A,N/A,$10.90,N/A,https://foodlandbalaklava.com.au//lines/energizer-max-9v-522-1p
Foodland Balaklava,2025-05-04 23:57:35,Energizer Max Battery 9v Tagged 2,N/A,was $18.40,$15.00,$7.50 Each,https://foodlandbalaklava.com.au//lines/energizer-max-9v-2pk
Foodland Balaklava,2025-05-04 23:57:35,Energizer Max Battery Aa Tagged 2,N/A,N/A,$7.04,$3.52 Each,https://foodlandbalaklava.com.au//lines/energizer-max-aa-e91-2pk
Foodland Balaklava,2025-05-04 23:57:35,Energizer Max Battery Aaa 4,N/A,N/A,$8.00,$2.00 Each,https://foodlandbalaklava.com.au//lines/energizer-max-aaa-e92-4pk
Foodland Balaklava,2025-05-04 23:57:35,Energizer Max Battery Aaa Tagged 2,N/A,N/A,$7.05,$3.52 Each,https://foodlandbalaklava.com.au//lines/energizer-max-aaa-e92-2pk
Foodland Balaklava,2025-05-04 23:57:35,Energizer Max Battery Aaa Tagged 8,N/A,was $19.95,$15.00,$1.88 Each,https://foodlandbalaklava.com.au//lines/energizer-max-aaa-8pk
Foodland Balaklava,2025-05-04 23:57:35,Energizer Max Battery C 4,N/A,was $17.35,$15.00,$3.75 Each,https://foodlandbalaklava.com.au//lines/energizer-max-c-e93-4pk
Foodland Balaklava,2025-05-04 23:57:35,Energizer Max Battery D 4,N/A,was $17.35,$15.00,$3.75 Each,https://foodlandbalaklava.com.au//lines/energizer-max-d-e95h-4pk
Foodland Balaklava,2025-05-04 23:57:35,Energizer Max Plus Aaa Battery 10,N/A,N/A,$22.50,$2.25 Each,https://foodlandbalaklava.com.au//lines/energizer-max-plus-adv-aaa10pk
Foodland Balaklava,2025-05-04 23:57:35,Energizer Max Plus Advanced Battery 9v Tagged 1,N/A,was $12.60,$10.00,N/A,https://foodlandbalaklava.com.au//lines/energizer-advanced-9v-1pk
Foodland Balaklava,2025-05-04 23:57:35,Energizer Max Plus Advanced Battery Aa Tagged 2,N/A,N/A,$10.00,$5.00 Each,https://foodlandbalaklava.com.au//lines/energizer-advanced-aa-2pk
Foodland Balaklava,2025-05-04 23:57:36,Energizer Max Plus Advanced Battery Aa Tagged 4,N/A,N/A,$10.00,$2.50 Each,https://foodlandbalaklava.com.au//lines/energizer-advanced-aa-4pk
Foodland Balaklava,2025-05-04 23:57:36,Energizer Max Plus Advanced Battery Aaa Tagged 2,N/A,N/A,$9.70,$4.85 Each,https://foodlandbalaklava.com.au//lines/energizer-advanced-aaa-2pk
Foodland Balaklava,2025-05-04 23:57:36,Energizer Max Plus Advanced Battery Aaa Tagged 4,N/A,N/A,$10.00,$2.50 Each,https://foodlandbalaklava.com.au//lines/energizer-advanced-aaa-4pk
Foodland Balaklava,2025-05-04 23:57:36,Energizer Max Plus Lithium Battery 1.​5v C 2,N/A,was $11.55,$10.00,$5.00 Each,https://foodlandbalaklava.com.au//lines/energizer-max-advanced-c-2pk
Foodland Balaklava,2025-05-04 23:57:36,Energizer Max Plus Lithium Battery 9v 2,N/A,N/A,$21.00,$10.50 Each,https://foodlandbalaklava.com.au//lines/energizer-max-advanced-9v-2pk
Foodland Balaklava,2025-05-04 23:57:36,Energizer Miniature Lithium Coin Battery 2025,N/A,was $11.03,$9.50,$4.75 Each,https://foodlandbalaklava.com.au//lines/energizer-batt-lith-2032-3v-2p-1
Foodland Balaklava,2025-05-04 23:57:36,Energizer Specialty Battery A23 12v 2,N/A,N/A,$8.40,$4.20 Each,https://foodlandbalaklava.com.au//lines/energizer-remte-bat-12v-a23-2p
Foodland Balaklava,2025-05-04 23:57:36,Energizer Torch,N/A,was $12.95,$11.00,N/A,https://foodlandbalaklava.com.au//lines/energizer-torch-metal-led
Foodland Balaklava,2025-05-04 23:57:36,Energizer Ultimate Lithium Battery Aa 2,N/A,N/A,$17.95,$8.98 Each,https://foodlandbalaklava.com.au//lines/energizer-lithium-e2-aa-2pk
Foodland Balaklava,2025-05-04 23:57:36,Energizer Vision Hd Metal Light 3aaa 1,N/A,was $34.45,$29.50,N/A,https://foodlandbalaklava.com.au//lines/energizer-vision-hd-lgt-aaa-1s
Foodland Balaklava,2025-05-04 23:57:36,Envirosafe Pantry Mth Trp#​101g,N/A,N/A,$14.30,$14.16 per 100g,https://foodlandbalaklava.com.au//lines/pantry-moth-trap-101gm
Foodland Balaklava,2025-05-04 23:57:36,Enzo's At Home Single Ravioli Panna,300g,N/A,$10.00,$3.33 per 100g,https://foodlandbalaklava.com.au//lines/enzo-s-tortellini-al-panna-300g
Foodland Balaklava,2025-05-04 23:57:36,Enzo's Chk Tort In Rose Sce,350g,N/A,$10.00,$3.33 per 100g,https://foodlandbalaklava.com.au//lines/enzo-s-chk-tort-in-rose-sce-350g-1
Foodland Balaklava,2025-05-04 23:57:36,Enzo's Penne Della Casa,300g,N/A,$10.00,$3.33 per 100g,https://foodlandbalaklava.com.au//lines/enzo-s-penne-con-pollo-300g
Foodland Balaklava,2025-05-04 23:57:36,Enzo's Vegan Spag Bolognese,350g,N/A,$10.00,$3.33 per 100g,https://foodlandbalaklava.com.au//lines/enzo-s-vegan-spag-bolognese-350g-1
Foodland Balaklava,2025-05-04 23:57:36,Enzo’​S Beef Lasagne,360g,N/A,$10.00,$3.33 per 100g,https://foodlandbalaklava.com.au//lines/enzo-s-meat-lasagna-400g-1
Foodland Balaklava,2025-05-04 23:57:36,Enzo’​S Beef Ravioli In Ragu,300g,N/A,$10.00,$3.33 per 100g,https://foodlandbalaklava.com.au//lines/enzo-s-beef-ravioli-in-ragu-300g-1
Foodland Balaklava,2025-05-04 23:57:36,Ep 40cm Nylon Collar,N/A,N/A,$11.00,N/A,https://foodlandbalaklava.com.au//lines/ep-40cm-nylon-collar
Foodland Balaklava,2025-05-04 23:57:36,Ep 55cm Nylon Collar,N/A,N/A,$13.00,N/A,https://foodlandbalaklava.com.au//lines/ep-55cm-nylon-collar
Foodland Balaklava,2025-05-04 23:57:36,Ep Fox Squirrel Racoon,N/A,N/A,$10.50,N/A,https://foodlandbalaklava.com.au//lines/ep-fox-squirrel-racoon
Foodland Balaklava,2025-05-04 23:57:36,Equal Sweetener Sachets,50g,N/A,$4.40,$0.09 Each,https://foodlandbalaklava.com.au//lines/equal-sweetener-sachets-50s
Foodland Balaklava,2025-05-04 23:57:36,Equal Sweetener Tablets 100,N/A,N/A,$4.40,$55.00 per 100g,https://foodlandbalaklava.com.au//lines/equal-sweetener-tablets-100s
Foodland Balaklava,2025-05-04 23:57:36,Equal Sweetener Tablets Refill,500g,N/A,$13.60,$32.38 per 100g,https://foodlandbalaklava.com.au//lines/equal-sweetener-tab-r-fl-500s
Foodland Balaklava,2025-05-04 23:57:36,Erawan Rce Stck Pad Thai#​200gm,N/A,N/A,$2.30,$1.15 per 100g,https://foodlandbalaklava.com.au//lines/erawan-rce-stck-pad-thai-200gm
Foodland Balaklava,2025-05-04 23:57:36,Erawan Rice Stick Large,375g,N/A,$3.15,$0.84 per 100g,https://foodlandbalaklava.com.au//lines/erawan-rice-stick-lge-375gm-1
Foodland Balaklava,2025-05-04 23:57:36,Erawan Rice Stick Medium,375g,N/A,$3.15,$0.84 per 100g,https://foodlandbalaklava.com.au//lines/erawan-rice-stick-med-375gm-1
Foodland Balaklava,2025-05-04 23:57:36,Espressotoria Chicco D'oro Espresso Coffee Capsules,78g,N/A,$6.30,$8.08 per 100g,https://foodlandbalaklava.com.au//lines/chicco-doro-coff-caps-esp-12pk
Foodland Balaklava,2025-05-04 23:57:36,Espressotoria Vittoria Coffee Capsules Italian Blend,78g,N/A,$11.55,$14.81 per 100g,https://foodlandbalaklava.com.au//lines/vit-coff-caps-italian-esp-12pk
Foodland Balaklava,2025-05-04 23:57:36,Ess Pets Beef Tendon Clod Bone,N/A,N/A,$4.65,$2.32 Each,https://foodlandbalaklava.com.au//lines/ess-pets-beef-tendon-clod-bone
Foodland Balaklava,2025-05-04 23:57:36,Ess Pets Lamb Bone Twin Pk,N/A,N/A,$4.65,$2.32 Each,https://foodlandbalaklava.com.au//lines/ess-pets-lamb-bone-twin-pk
Foodland Balaklava,2025-05-04 23:57:36,Essen Pet Bags Clean Up 1pk,N/A,N/A,$6.30,N/A,https://foodlandbalaklava.com.au//lines/essen-pet-bags-clean-up-1pk
Foodland Balaklava,2025-05-04 23:57:36,Essen Pet Ball Rubber Knot 1pk,N/A,N/A,$6.43,N/A,https://foodlandbalaklava.com.au//lines/essen-pet-ball-rubber-knot-1pk
Foodland Balaklava,2025-05-04 23:57:36,Essen Pet Ball Solid Rubber1pk,N/A,N/A,$7.00,N/A,https://foodlandbalaklava.com.au//lines/essen-pet-ball-solid-rubber1pk
Foodland Balaklava,2025-05-04 23:57:36,Essen Pet Bowl Dog S/​Steel24oz,N/A,N/A,$7.50,N/A,https://foodlandbalaklava.com.au//lines/essen-pet-bowl-dog-s-steel24oz
Foodland Balaklava,2025-05-04 23:57:36,Essen Pet Bowl Dog S/​Steel64oz,N/A,N/A,$11.00,N/A,https://foodlandbalaklava.com.au//lines/essen-pet-bowl-dog-s-steel64oz
Foodland Balaklava,2025-05-04 23:57:36,Essen Pet Chews Chicken,180g,N/A,$6.25,$3.47 per 100g,https://foodlandbalaklava.com.au//lines/essen-pet-chews-chicken
Foodland Balaklava,2025-05-04 23:57:36,Essen Pet Clr Nyl Adjst25-40cm,N/A,N/A,$9.50,N/A,https://foodlandbalaklava.com.au//lines/essen-pet-nylon-collar-25-40cm
Foodland Balaklava,2025-05-04 23:57:36,Essen Pet Clr Nylon Adjustable,N/A,N/A,$10.50,N/A,https://foodlandbalaklava.com.au//lines/essen-pet-nylon-collar-40-65cm
Foodland Balaklava,2025-05-04 23:57:36,Essen Pet Collar Cat Diamante,N/A,N/A,$6.00,N/A,https://foodlandbalaklava.com.au//lines/essen-pet-collar-cat-diamante
Foodland Balaklava,2025-05-04 23:57:36,Essen Pet Dangler Cat 1pk,N/A,was $5.90,$5.50,N/A,https://foodlandbalaklava.com.au//lines/essen-pet-dangler-cat-1pk
Foodland Balaklava,2025-05-04 23:57:36,Essen Pet Doggy Bag Poo R/​F3pk,N/A,was $5.60,$5.50,$1.83 Each,https://foodlandbalaklava.com.au//lines/essen-pet-doggy-bag-poo-r-f3pk
Foodland Balaklava,2025-05-04 23:57:36,Essen Pet H/​D Rbr Rng Toy Dog,N/A,N/A,$4.30,N/A,https://foodlandbalaklava.com.au//lines/essen-pets-rubber-ring-toy
Foodland Balaklava,2025-05-04 23:57:36,Essen Pet Nail Clipper Safety Stop,N/A,N/A,$8.00,N/A,https://foodlandbalaklava.com.au//lines/essen-pet-nail-clipper-safety-stop
Foodland Balaklava,2025-05-04 23:57:36,Essen Pet Nyl Padded Lead120cm,N/A,N/A,$9.60,N/A,https://foodlandbalaklava.com.au//lines/essen-pet-nyl-padded-lead120cm
Foodland Balaklava,2025-05-04 23:57:36,Essen Pet Peter Nibble Os120gm,N/A,N/A,$6.37,$5.31 per 100g,https://foodlandbalaklava.com.au//lines/essen-pet-peter-nibble-os120gm
Foodland Balaklava,2025-05-04 23:57:36,Essen Pet Pigs Ear Strips,N/A,N/A,$5.00,$1.25 Each,https://foodlandbalaklava.com.au//lines/pigs-ear-strip-4pce
Foodland Balaklava,2025-05-04 23:57:36,Essen Pet Toy Solid Rubber Dog,N/A,N/A,$8.60,N/A,https://foodlandbalaklava.com.au//lines/essen-pet-toy-solid-rubber-dog
Foodland Balaklava,2025-05-04 23:57:36,Essen Pets Bf Paddywacks 1pce,N/A,N/A,$6.30,N/A,https://foodlandbalaklava.com.au//lines/essen-pets-bf-paddywacks-1pce
Foodland Balaklava,2025-05-04 23:57:37,Essen Pets Choker Chain 56cm,N/A,N/A,$5.99,N/A,https://foodlandbalaklava.com.au//lines/choker-chain-56cm-6-x-56cm
Foodland Balaklava,2025-05-04 23:57:37,Essen Pets Choker Chain 65cm,N/A,N/A,$7.00,N/A,https://foodlandbalaklava.com.au//lines/choker-chain-65cm-6-x-65cm
Foodland Balaklava,2025-05-04 23:57:37,Essen Pets Dog Rope Ball 1pk,N/A,N/A,$7.50,N/A,https://foodlandbalaklava.com.au//lines/essen-pets-dog-rope-ball-1pk
Foodland Balaklava,2025-05-04 23:57:37,Essen Pets G/​Fish Flakes,50g,N/A,$7.00,$14.00 per 100g,https://foodlandbalaklava.com.au//lines/essen-pets-g-fish-flakes-50gm
Foodland Balaklava,2025-05-04 23:57:37,Essen Pets S/​Poo Coconut,500mL,was $7.85,$7.50,$15.00 per L,https://foodlandbalaklava.com.au//lines/essen-pets-s-poo-coconut-500ml
Foodland Balaklava,2025-05-04 23:57:37,Essen Pets Trop Flakes,50g,N/A,$7.00,$14.00 per 100g,https://foodlandbalaklava.com.au//lines/essen-pets-trop-flakes-50gm
Foodland Balaklava,2025-05-04 23:57:37,Essential Pet Cat Litter Tray Liner 12,N/A,N/A,$5.35,$0.45 Each,https://foodlandbalaklava.com.au//lines/essen-pet-cat-lit-try-lnr-12s
Foodland Balaklava,2025-05-04 23:57:37,Essential Pet Tennis Balls 3pk,N/A,N/A,$6.00,N/A,https://foodlandbalaklava.com.au//lines/essen-pet-ball-tennis-3pk
Foodland Balaklava,2025-05-04 23:57:37,Essential Pet Toy Vinyl Tyre Dog 1pk,N/A,N/A,$8.00,N/A,https://foodlandbalaklava.com.au//lines/essen-pet-toy-vinyl-tyre-dog1p
Foodland Balaklava,2025-05-04 23:57:37,Essential Pets Lamb Plushy,N/A,N/A,$10.50,N/A,https://foodlandbalaklava.com.au//lines/essen-pet-plush-lamb-1ea
Foodland Balaklava,2025-05-04 23:57:37,Essential Pets Pork Trotters 2,N/A,N/A,$5.99,$3.00 Each,https://foodlandbalaklava.com.au//lines/essen-pets-pork-trottrs-2pc
Foodland Balaklava,2025-05-04 23:57:37,Essential Pets Roo Pops 5 Pieces,N/A,N/A,$3.50,N/A,https://foodlandbalaklava.com.au//lines/essen-pet-roo-pops-5pk
Foodland Balaklava,2025-05-04 23:57:37,Essential Pets Shampoo Tea Tree,500mL,was $7.85,$7.50,$15.00 per L,https://foodlandbalaklava.com.au//lines/essen-pets-s-poo-tea-tre-500ml
Foodland Balaklava,2025-05-04 23:57:37,Essentially Pets Ball Launcher,N/A,N/A,$6.99,N/A,https://foodlandbalaklava.com.au//lines/essen-pet-ball-launcher
Foodland Balaklava,2025-05-04 23:57:37,Essentially Pets Nylon Dog Lead,180g,N/A,$12.00,N/A,https://foodlandbalaklava.com.au//lines/essen-pet-nylon-lead-180cm
Foodland Balaklava,2025-05-04 23:57:37,Essentially Pets Pup Pork Bone 1pk,N/A,N/A,$5.70,N/A,https://foodlandbalaklava.com.au//lines/essen-pets-pup-pork-bone-1pk
Foodland Balaklava,2025-05-04 23:57:37,Essentially Pets Puppy Tennis Balls,N/A,N/A,$5.50,$1.38 Each,https://foodlandbalaklava.com.au//lines/essen-pets-puppy-tennis-balls-4p
Foodland Balaklava,2025-05-04 23:57:37,Essentially Pets Weekend Fish Feeder,20g,was $4.40,$4.20,$21.00 per 100g,https://foodlandbalaklava.com.au//lines/essen-pet-food-block-w-end-20g
Foodland Balaklava,2025-05-04 23:57:37,Essentials Pet Toy Squeaky Bird,N/A,was $5.50,$5.00,N/A,https://foodlandbalaklava.com.au//lines/essen-pet-toy-squeak-bird-plsh
Foodland Balaklava,2025-05-04 23:57:37,Eta Original Potato Salad Dressing,365g,N/A,$4.20,$1.15 per 100g,https://foodlandbalaklava.com.au//lines/eta-dress-potato-salad-365gm
Foodland Balaklava,2025-05-04 23:57:37,Europe Summer Roll Minis,150g,was $7.35,$5.15,$3.43 per 100g,https://foodlandbalaklava.com.au//lines/eur-summer-roll-minis-plw150gm
Foodland Balaklava,2025-05-04 23:57:37,Eva Sardines In Olive Oil,100g,N/A,$3.10,$3.10 per 100g,https://foodlandbalaklava.com.au//lines/eva-sardines-in-olive-oil-110g
Foodland Balaklava,2025-05-04 23:57:37,Eveready Aa10 Heavy Duty Family Value Pack,N/A,N/A,$8.95,$0.90 Each,https://foodlandbalaklava.com.au//lines/eveready-batt-h-dty-aa-10s
Foodland Balaklava,2025-05-04 23:57:37,Eveready Aaa10 Heavy Duty 5 Pack,N/A,N/A,$8.72,$0.87 Each,https://foodlandbalaklava.com.au//lines/eveready-batt-h-duty-aaa-10s
Foodland Balaklava,2025-05-04 23:57:37,Eveready Black Shd D 4pk,N/A,N/A,$14.00,$3.50 Each,https://foodlandbalaklava.com.au//lines/eveready-black-shd-d-4pk
Foodland Balaklava,2025-05-04 23:57:37,Eveready Black Shd Lant 6v 1pk,N/A,N/A,$14.05,N/A,https://foodlandbalaklava.com.au//lines/eveready-black-shd-lant-6v-1pk-1
Foodland Balaklava,2025-05-04 23:57:37,Eveready Brilliant Beam Torch 2d 1,N/A,was $14.95,$13.00,N/A,https://foodlandbalaklava.com.au//lines/eveready-torch-briliant-beam2d
Foodland Balaklava,2025-05-04 23:57:37,Eveready Dolphin 200 Led Lantern 1,N/A,N/A,$25.73,N/A,https://foodlandbalaklava.com.au//lines/eveready-dolphin-lntrn-led
Foodland Balaklava,2025-05-04 23:57:37,Eveready Dolphin Lantern Battery 6v 1,N/A,N/A,$20.00,N/A,https://foodlandbalaklava.com.au//lines/eveready-dolphn-lantrn-6v-1pk
Foodland Balaklava,2025-05-04 23:57:37,Eveready Dolphin Pico Pocket Light 1,N/A,N/A,$11.05,N/A,https://foodlandbalaklava.com.au//lines/eveready-torch-dolphin-pico-aa
Foodland Balaklava,2025-05-04 23:57:37,Eveready Gold Alkaline Aa Batteries 16 Pack,N/A,N/A,$19.50,N/A,https://foodlandbalaklava.com.au//lines/eveready-gold-alkaline-aa-16pk
Foodland Balaklava,2025-05-04 23:57:37,Eveready Gold Battery 9v 2,N/A,N/A,$14.70,$7.35 Each,https://foodlandbalaklava.com.au//lines/eveready-gold-9v-a523-2pk
Foodland Balaklava,2025-05-04 23:57:37,Eveready Gold Battery Aa 4,N/A,N/A,$6.50,$1.62 Each,https://foodlandbalaklava.com.au//lines/eveready-gold-aa-a91-4pk
Foodland Balaklava,2025-05-04 23:57:37,Eveready Gold Battery Aaa 4,N/A,N/A,$6.50,$1.62 Each,https://foodlandbalaklava.com.au//lines/eveready-gold-aaa-a92-4pk
Foodland Balaklava,2025-05-04 23:57:37,Eveready Red Hd 9v 216 1pk,N/A,N/A,$4.40,N/A,https://foodlandbalaklava.com.au//lines/eveready-red-hd-9v-216-1pk
Foodland Balaklava,2025-05-04 23:57:37,Eveready Red Hd C 1035 2pk,N/A,N/A,$4.50,$2.25 Each,https://foodlandbalaklava.com.au//lines/eveready-red-hd-c-1035-2pk
Foodland Balaklava,2025-05-04 23:57:37,Eveready Red Hd D 1050 2pk,N/A,N/A,$4.60,$2.30 Each,https://foodlandbalaklava.com.au//lines/eveready-red-hd-d-1050-2pk
Foodland Balaklava,2025-05-04 23:57:37,Eveready Red Heavy Duty Battery Aa 4,N/A,N/A,$3.80,$0.95 Each,https://foodlandbalaklava.com.au//lines/eveready-red-hd-aa-1015-4pk
Foodland Balaklava,2025-05-04 23:57:37,Eveready Super Heavy Duty Battery Aa 10,N/A,N/A,$14.20,$1.42 Each,https://foodlandbalaklava.com.au//lines/eveready-black-shd-aa-10pk
Foodland Balaklava,2025-05-04 23:57:37,Eveready Super Heavy Duty Battery Aa 4,N/A,N/A,$7.35,$1.84 Each,https://foodlandbalaklava.com.au//lines/eveready-black-shd-aa-1215-4pk
Foodland Balaklava,2025-05-04 23:57:37,Eveready Super Heavy Duty Battery Aaa 4,N/A,N/A,$7.50,$1.88 Each,https://foodlandbalaklava.com.au//lines/eveready-black-shd-aaa1212-4pk
Foodland Balaklava,2025-05-04 23:57:37,Eveready Super Heavy Duty Battery C 4,N/A,N/A,$13.85,$3.46 Each,https://foodlandbalaklava.com.au//lines/eveready-black-shd-c-4pk
Foodland Balaklava,2025-05-04 23:57:37,Everyday Wrap Paper $​5.​99,N/A,N/A,$5.99,N/A,https://foodlandbalaklava.com.au//lines/everyday-wrap-paper-5-99
Foodland Balaklava,2025-05-04 23:57:37,Everyday Wrapping Paper,N/A,N/A,$4.99,N/A,https://foodlandbalaklava.com.au//lines/gift-wrap-4-99
Foodland Balaklava,2025-05-04 23:57:37,Exelpet Exelpet Spot On Flea Control Cat/​Kitten,0.6mL,N/A,$20.00,N/A,https://foodlandbalaklava.com.au//lines/xlpet-fl-cntrl-cat-ktn-0-6ml
Foodland Balaklava,2025-05-04 23:57:37,Exelpet Ezy-Dose Monthly Heart & Intestinal Wormer Dog 4 Chews,N/A,N/A,$27.30,$6.82 Each,https://foodlandbalaklava.com.au//lines/xlpet-allwormer-dog-6451-4chew
Foodland Balaklava,2025-05-04 23:57:37,Exelpet Fleaban House & Carpet Spray,375mL,N/A,$19.00,$50.67 per L,https://foodlandbalaklava.com.au//lines/xlpet-f-ban-hse-crpt-spr-375ml
Foodland Balaklava,2025-05-04 23:57:37,Exelpet Vet Series Spot-On All-Wormer For Cats 2.​5-5kg,5kg,N/A,$34.50,N/A,https://foodlandbalaklava.com.au//lines/xlpet-vet-spt-on-a-w-cat-0-7ml
Foodland Balaklava,2025-05-04 23:57:38,Exit Mould Spray,500mL,N/A,$10.00,$2.00 per 100mL,https://foodlandbalaklava.com.au//lines/exit-mould-pump-pack-500ml
Foodland Balaklava,2025-05-04 23:57:38,Explorer Ladies Socks Size 8-11,N/A,was $14.70,$9.80,N/A,https://foodlandbalaklava.com.au//lines/explorer-sck-ldy-8-11-1pk-1
Foodland Balaklava,2025-05-04 23:57:38,Explorer Sock Short Black11-14,N/A,was $16.00,$8.00,N/A,https://foodlandbalaklava.com.au//lines/explorer-sock-short-black11-14
Foodland Balaklava,2025-05-04 23:57:38,Explorer Sock Short Navy 11-14,N/A,was $16.00,$8.00,N/A,https://foodlandbalaklava.com.au//lines/explorer-sock-short-navy-11-14
Foodland Balaklava,2025-05-04 23:57:38,"Expo Whiteboard Markers, Bullet Tip, Business Assorted, 4 Count",N/A,N/A,$13.65,N/A,https://foodlandbalaklava.com.au//lines/expo-w-brd-mrkr-bullet-4ct-4pk-2
Foodland Balaklava,2025-05-04 23:57:38,Expressions Plus Gift Card,N/A,N/A,$4.50,N/A,https://foodlandbalaklava.com.au//lines/card-4-50
Foodland Balaklava,2025-05-04 23:57:38,Expressions Plus Greeting Card,N/A,N/A,$5.95,N/A,https://foodlandbalaklava.com.au//lines/koala-cards-mothers-day
Foodland Balaklava,2025-05-04 23:57:38,Expressions Plus Ribbon & Bow,N/A,N/A,$3.95,N/A,https://foodlandbalaklava.com.au//lines/ribbon-bows-2-50
Foodland Balaklava,2025-05-04 23:57:38,Extra Intense Mint Sugar Free Chewing Gum 14 Pieces,27g,was $2.65,$2.55,$9.44 per 100g,https://foodlandbalaklava.com.au//lines/wrig-extra-intens-mint-27gm
Foodland Balaklava,2025-05-04 23:57:38,Extra Intense Mint Sugar Free Chewing Gum Bottle,64g,was $5.25,$4.70,$7.34 per 100g,https://foodlandbalaklava.com.au//lines/wrig-extra-intens-mint-btl64gm
Foodland Balaklava,2025-05-04 23:57:38,Extra Peppermint Sugar Free Chewing Gum 14 Pieces,27g,was $2.65,$2.55,$9.44 per 100g,https://foodlandbalaklava.com.au//lines/wrig-extra-env-pprmint-sngl
Foodland Balaklava,2025-05-04 23:57:38,Extra Raspberry & Lime Sugar Free Chewing Gum,27g,was $2.65,$2.55,$9.44 per 100g,https://foodlandbalaklava.com.au//lines/wrig-extra-raspberry-lime-27g
Foodland Balaklava,2025-05-04 23:57:38,Extra Spearmint Sugar Free Chewing Gum,14g,N/A,$1.15,$8.21 per 100g,https://foodlandbalaklava.com.au//lines/wrig-extra-pellt-s-mnt-14g-10s
Foodland Balaklava,2025-05-04 23:57:38,Extra Spearmint Sugar Free Chewing Gum,56g,N/A,$5.25,$9.37 per 100g,https://foodlandbalaklava.com.au//lines/wrig-extra-pellt-s-mnt-4pk
Foodland Balaklava,2025-05-04 23:57:38,Extra Strawberry Sugar Free Chewing Gum,81g,N/A,$5.50,$6.79 per 100g,https://foodlandbalaklava.com.au//lines/wrig-extra-s-bry-81gm-42pc
Foodland Balaklava,2025-05-04 23:57:38,Extra Strawberry Sugar Free Chewing Gum Bottle,64g,was $5.25,$4.70,$7.34 per 100g,https://foodlandbalaklava.com.au//lines/wrig-extra-strwbry-plt-btl-46s
Foodland Balaklava,2025-05-04 23:57:38,Extra White Bubblemint Sugar Free Chewing Gum Bottle,64g,was $5.25,$4.70,$7.34 per 100g,https://foodlandbalaklava.com.au//lines/wrig-extra-bblmint-btl-46s
Foodland Balaklava,2025-05-04 23:57:38,Extra White Peppermint Sugar Free Chewing Gum,14g,N/A,$1.15,$8.21 per 100g,https://foodlandbalaklava.com.au//lines/wrig-extra-pellet-whte-209-sgl
Foodland Balaklava,2025-05-04 23:57:38,Extra White Peppermint Sugar Free Chewing Gum,56g,N/A,$5.25,$9.37 per 100g,https://foodlandbalaklava.com.au//lines/wrig-extra-pellt-wht-00336-4pk
Foodland Balaklava,2025-05-04 23:57:38,Extra White Spearmint Soft Chew Bottle,67g,was $5.25,$4.70,$7.01 per 100g,https://foodlandbalaklava.com.au//lines/wrig-extra-sprmint-btl-67gm
Foodland Balaklava,2025-05-04 23:57:38,Eyre Peninsula Advocate,N/A,N/A,$3.50,N/A,https://foodlandbalaklava.com.au//lines/eyre-peninsula-advocate
Foodland Balaklava,2025-05-04 23:57:38,F. Whitlock & Sons® Smokehouse Tomato Chutney Sauce,250mL,was $4.75,$3.60,$1.44 per 100mL,https://foodlandbalaklava.com.au//lines/whitlock-sce-smk-tomato-250ml
Foodland Balaklava,2025-05-04 23:57:38,F. Whitlock & Sons® Texas BBQ Style Marinade,400mL,was $5.80,$4.55,$1.14 per 100mL,https://foodlandbalaklava.com.au//lines/whitlock-marin-texas-bbq-400ml
Foodland Balaklava,2025-05-04 23:57:38,F/​Choice Pp Herb Sage,20g,N/A,$3.29,N/A,https://foodlandbalaklava.com.au//lines/f-choice-pp-herb-sage-20g
Foodland Balaklava,2025-05-04 23:57:38,F/​Choice Pp Herb Thyme,30g,N/A,$3.29,N/A,https://foodlandbalaklava.com.au//lines/f-choice-pp-herb-thyme-30g
Foodland Balaklava,2025-05-04 23:57:38,F/​Guru Bag Icing Set,N/A,N/A,$4.62,N/A,https://foodlandbalaklava.com.au//lines/f-guru-bag-icing-set-2
Foodland Balaklava,2025-05-04 23:57:38,F/​Guru Chopping Board,N/A,N/A,$25.20,N/A,https://foodlandbalaklava.com.au//lines/f-guru-chopping-board
Foodland Balaklava,2025-05-04 23:57:38,F/​Guru Scales Dig Kitchen,N/A,N/A,$22.79,N/A,https://foodlandbalaklava.com.au//lines/f-guru-scales-dig-kitchen
Foodland Balaklava,2025-05-04 23:57:38,F/​Land M/​Wtr Natural,1.25L,was $1.60,$1.40,$1.12 per L,https://foodlandbalaklava.com.au//lines/f-land-m-wtr-natural-1-25l
Foodland Balaklava,2025-05-04 23:57:38,F/​Land Spring Water,1.5L,was $1.85,$1.40,$0.93 per L,https://foodlandbalaklava.com.au//lines/f-land-spring-water-1-5l
Foodland Balaklava,2025-05-04 23:57:38,F/​Land Springwater,600mL,was $1.65,$1.20,$2.00 per L,https://foodlandbalaklava.com.au//lines/f-land-springwater-600ml
Foodland Balaklava,2025-05-04 23:57:38,F/​Land Sultanas,400g,was $4.30,$3.65,$0.91 per 100g,https://foodlandbalaklava.com.au//lines/f-land-sultanas-400g
Foodland Balaklava,2025-05-04 23:57:38,F/​Land Tonic Water,1.25L,was $1.85,$1.50,$1.20 per L,https://foodlandbalaklava.com.au//lines/foodland-tonic-water-1-25l
Foodland Balaklava,2025-05-04 23:57:38,Fab Fresh Frangipani Laundry Powder Detergent,4kg,was $19.45,$16.50,$4.12 per kg,https://foodlandbalaklava.com.au//lines/fab-l-pdr-fresh-frangipani-4kg-1
Foodland Balaklava,2025-05-04 23:57:38,"Fab Fresh Frangipani, Washing Powder Laundry Detergent",2kg,N/A,$9.00,$4.50 per kg,https://foodlandbalaklava.com.au//lines/fab-frangipani-one-form-2kg
Foodland Balaklava,2025-05-04 23:57:38,"Fab Perfume Indulgence Gold Absolute, Liquid Laundry Washing Detergent,",3.6L,was $19.95,$16.50,$4.58 per L,https://foodlandbalaklava.com.au//lines/fab-l-liq-perfume-ind-gld-3-6l
Foodland Balaklava,2025-05-04 23:57:38,"Fab Perfume Indulgence Gold Absolute, Washing Powder Laundry Detergent,",3.8kg,was $19.45,$16.50,$4.34 per kg,https://foodlandbalaklava.com.au//lines/fab-tempt-gld-one-frm-3-8kg
Foodland Balaklava,2025-05-04 23:57:38,Fab Sunshine Fresh Laundry Powder,2kg,N/A,$9.00,$4.50 per kg,https://foodlandbalaklava.com.au//lines/fab-sunshine-fresh-one-frm-2kg-1
Foodland Balaklava,2025-05-04 23:57:38,Fairy All In One Lemon,N/A,N/A,$47.80,$0.53 Each,https://foodlandbalaklava.com.au//lines/fairy-d-wsh-tab-aio-lmn-90pk
Foodland Balaklava,2025-05-04 23:57:38,Fairy Delights 4-In-1 Shaker,82g,was $3.49,$3.10,$3.78 per 100g,https://foodlandbalaklava.com.au//lines/fairy-delights-4-in-1-sh-82gm
Foodland Balaklava,2025-05-04 23:57:38,Fairy Dishwasher & Filter Cleaner Lemon,250mL,N/A,$12.10,$4.84 per 100mL,https://foodlandbalaklava.com.au//lines/fairy-d-wsh-mach-cleaner-250ml
Foodland Balaklava,2025-05-04 23:57:38,Fairy Platinum Lemon,N/A,was $40.95,$19.45,$0.47 Each,https://foodlandbalaklava.com.au//lines/fairy-d-wsh-tab-plat-lmn-41pk
Foodland Balaklava,2025-05-04 23:57:38,Fairy Platinum Lemon Dishwasher Tablets 20 Pack,N/A,was $22.05,$13.50,$0.68 Each,https://foodlandbalaklava.com.au//lines/fairy-d-wsh-tab-plat-lmn-20pk
Foodland Balaklava,2025-05-04 23:57:38,Fairy Platinum Plus 30 Minute Miracle Fresh Scent,N/A,N/A,$58.00,$1.29 Each,https://foodlandbalaklava.com.au//lines/fairy-d-wsh-tabs-mirac-cln-45s
Foodland Balaklava,2025-05-04 23:57:38,Fairy Power Dry Rinse Aid Lemon Dishwasher Liquid,360mL,N/A,$11.05,$3.07 per 100mL,https://foodlandbalaklava.com.au//lines/fairy-d-wsh-rinse-aid-360ml
Foodland Balaklava,2025-05-04 23:57:38,Fairy Princess Loot Bags S/​C,N/A,N/A,$3.31,N/A,https://foodlandbalaklava.com.au//lines/fairy-princess-loot-bags-s-c
Foodland Balaklava,2025-05-04 23:57:38,Family Prize Puzzle,N/A,N/A,$10.99,N/A,https://foodlandbalaklava.com.au//lines/family-prize-puzzle
Foodland Balaklava,2025-05-04 23:57:38,Family Word Search,N/A,N/A,$6.75,N/A,https://foodlandbalaklava.com.au//lines/family-word-search-4
Foodland Balaklava,2025-05-04 23:57:39,Family Wordsearch Jumbo Special,N/A,N/A,$7.99,N/A,https://foodlandbalaklava.com.au//lines/family-wordsearch-jumbo-special-3
Foodland Balaklava,2025-05-04 23:57:39,"Fancy Feast Adult Beef, Salmon & Cheese Flavour Dry Cat Food",450g,N/A,$7.35,$1.63 per 100g,https://foodlandbalaklava.com.au//lines/purina-f-fst-bf-sal-chse-450gm
Foodland Balaklava,2025-05-04 23:57:39,"Fancy Feast Adult Chicken, Turkey & Vegetable Flavour Dry Cat Food",450g,N/A,$7.35,$1.63 per 100g,https://foodlandbalaklava.com.au//lines/purina-f-fst-chk-trk-veg-450gm
Foodland Balaklava,2025-05-04 23:57:39,"Fancy Feast Adult Inspirations Salmon, Spinach, Courgette & Green Beans And Tuna, Courgette & Rice Wet Cat Food",12 x 70g,N/A,$19.95,$2.38 per 100g,https://foodlandbalaklava.com.au//lines/purina-f-fst-ins-sal-tn12x70gm
Foodland Balaklava,2025-05-04 23:57:39,Fancy Feast Adult Petite Delights Salmon & Chicken Grilled Wet Cat Food,6 x 50g,was $6.60,$5.50,$1.83 per 100g,https://foodlandbalaklava.com.au//lines/purina-f-fst-pc-salm-chk6x50gm-1
Foodland Balaklava,2025-05-04 23:57:39,"Fancy Feast Adult Royale Broths Tuna, Surimi & Whitebait In A Decadent Silky Broth Wet Cat Food",40g,N/A,$2.00,$5.00 per 100g,https://foodlandbalaklava.com.au//lines/purina-f-fst-tna-sr-w-b-brt40g
Foodland Balaklava,2025-05-04 23:57:39,Fancy Feast Adult Salmon And Ocean Fish Dry Cat Food,450g,N/A,$7.35,$1.63 per 100g,https://foodlandbalaklava.com.au//lines/purina-f-fst-sal-ocn-fish450gm
Foodland Balaklava,2025-05-04 23:57:39,"Fancy Feast Adult Tuna, Prawn, Mackerel & Crab Flavour Dry Cat Food",1.4kg,was $22.05,$15.00,$1.07 per 100g,https://foodlandbalaklava.com.au//lines/purina-f-fst-tn-pr-mk-crb1-4kg
Foodland Balaklava,2025-05-04 23:57:39,Fanta Grape Soft Drink Bottle,600mL,N/A,$4.45,$7.42 per L,https://foodlandbalaklava.com.au//lines/fanta-grape-600ml
Foodland Balaklava,2025-05-04 23:57:39,Fanta Grape Soft Drink Multipack Mini Cans,6 x 250mL,N/A,$10.50,$7.00 per L,https://foodlandbalaklava.com.au//lines/fanta-grape-can-6-x-250ml
Foodland Balaklava,2025-05-04 23:57:39,Fanta Lemon Mini Soft Drink Multipack Cans,6 x 250mL,was $10.50,$6.70,$4.47 per L,https://foodlandbalaklava.com.au//lines/fanta-lemon-can-6-x-250ml
Foodland Balaklava,2025-05-04 23:57:39,Fanta Lemon Soft Drink Bottle,1.25L,was $4.00,$2.40,$1.92 per L,https://foodlandbalaklava.com.au//lines/fanta-lemon-1-25l
Foodland Balaklava,2025-05-04 23:57:39,Fanta Lemon Soft Drink Bottle,600mL,N/A,$4.45,$7.42 per L,https://foodlandbalaklava.com.au//lines/fanta-lemon-600ml
Foodland Balaklava,2025-05-04 23:57:39,Fanta Orange No Sugar Soft Drink Bottle,N/A,was $21.00,$17.90,$4.97 per L,https://foodlandbalaklava.com.au//lines/fanta-zero-12x300ml
Foodland Balaklava,2025-05-04 23:57:39,Fanta Orange Soft Drink Bottle,1.25L,was $4.00,$2.40,$1.92 per L,https://foodlandbalaklava.com.au//lines/fanta-orange-1-25l
Foodland Balaklava,2025-05-04 23:57:39,Fanta Orange Soft Drink Bottle,2L,was $5.45,$3.60,$1.80 per L,https://foodlandbalaklava.com.au//lines/fanta-orange-2l
Foodland Balaklava,2025-05-04 23:57:39,Fanta Orange Soft Drink Bottle,600mL,N/A,$4.45,$7.42 per L,https://foodlandbalaklava.com.au//lines/fanta-orange-600ml
Foodland Balaklava,2025-05-04 23:57:39,Fanta Pineapple Zero Sugar Soft Drink Bottle,1.25L,was $4.00,$2.40,$1.92 per L,https://foodlandbalaklava.com.au//lines/fanta-pineapple-zero-1-25l
Foodland Balaklava,2025-05-04 23:57:39,Fanta Raspberry Soft Drink Multipack Bottles,12 x 300mL,was $21.00,$17.90,$4.97 per L,https://foodlandbalaklava.com.au//lines/fanta-raspberry-12x300ml
Foodland Balaklava,2025-05-04 23:57:39,Fanta Zero/​Diet/​Light Fanta Lemon Zero Sugar Multipack Mini Can,6 x 250mL,was $10.50,$6.70,$4.47 per L,https://foodlandbalaklava.com.au//lines/fanta-lemon-zero-can-6-x-250ml
Foodland Balaklava,2025-05-04 23:57:39,Fanta Zero/​Diet/​Light Fanta Lemon Zero Sugar Soft Drink Bottle,1.25L,was $4.00,$2.40,$1.92 per L,https://foodlandbalaklava.com.au//lines/fanta-lemon-zero-1-25l
Foodland Balaklava,2025-05-04 23:57:39,Fanta Zero/​Diet/​Light Fanta Orange Zero Sugar Soft Drink Bottle,1.25L,was $4.00,$2.40,$1.92 per L,https://foodlandbalaklava.com.au//lines/fanta-n-sug-1-25l
Foodland Balaklava,2025-05-04 23:57:39,Fanta Zero/​Diet/​Light Fanta Orange Zero Sugar Soft Drink Multipack Cans,6 x 250mL,was $10.50,$6.70,$4.47 per L,https://foodlandbalaklava.com.au//lines/fanta-n-sug-orng-can-6x250ml
Foodland Balaklava,2025-05-04 23:57:39,Fanta Zero/​Diet/​Light Fanta Raspberry Zero Sugar Soft Drink Multipack Mini Can,6 x 250mL,was $10.50,$6.70,$4.47 per L,https://foodlandbalaklava.com.au//lines/fanta-n-sug-rasp-can-6x250ml
Foodland Balaklava,2025-05-04 23:57:39,Fantastic Bowl Noodles Beef,85g,N/A,$2.65,$3.12 per 100g,https://foodlandbalaklava.com.au//lines/fantastic-bowl-ndl-beef-85gm
Foodland Balaklava,2025-05-04 23:57:39,Fantastic Bowl Noodles Oriental,85g,N/A,$2.65,$3.12 per 100g,https://foodlandbalaklava.com.au//lines/fantastic-bowl-ndl-orient-85gm
Foodland Balaklava,2025-05-04 23:57:39,Fantastic Cup Noodles Beef,70g,N/A,$2.65,$3.79 per 100g,https://foodlandbalaklava.com.au//lines/fantastic-cup-ndl-beef-70gm
Foodland Balaklava,2025-05-04 23:57:39,Fantastic Cup Noodles Chicken & Corn,70g,N/A,$2.65,$3.79 per 100g,https://foodlandbalaklava.com.au//lines/fantastic-cup-ndl-chk-corn70gm
Foodland Balaklava,2025-05-04 23:57:39,Fantastic Cup Noodles Crispy Bacon,70g,N/A,$2.65,$3.79 per 100g,https://foodlandbalaklava.com.au//lines/fantastic-cup-ndl-bacon-70gm
Foodland Balaklava,2025-05-04 23:57:39,Fantastic Cup Noodles Oriental,70g,N/A,$2.65,$3.79 per 100g,https://foodlandbalaklava.com.au//lines/fantastic-cup-ndl-oriental70gm
Foodland Balaklava,2025-05-04 23:57:39,Fantastic Delites Curls Rice Snacks Sweet Chilli & Sour Cream,80g,was $2.75,$1.85,$2.31 per 100g,https://foodlandbalaklava.com.au//lines/fantastic-curls-s-chl-srcm80gm
Foodland Balaklava,2025-05-04 23:57:39,Fantastic Delites Flame Grilled Barbeque,100g,was $2.95,$1.40,$1.40 per 100g,https://foodlandbalaklava.com.au//lines/fantastic-dlte-f-grl-bbq-100gm
Foodland Balaklava,2025-05-04 23:57:39,Fantastic Delites Thai Chilli & Lemongrass,100g,was $2.95,$1.40,$1.40 per 100g,https://foodlandbalaklava.com.au//lines/fantastic-dlte-chl-lmgrs-100gm
Foodland Balaklava,2025-05-04 23:57:39,Fantastic Gluten Free Rice Noodle Cup Chicken,45g,N/A,$2.65,$5.89 per 100g,https://foodlandbalaklava.com.au//lines/fantastic-cup-ndl-chk-g-f-45g
Foodland Balaklava,2025-05-04 23:57:39,Fantastic Goodies Seeds + Grains,100g,was $4.00,$3.40,$3.40 per 100g,https://foodlandbalaklava.com.au//lines/fantastic-g-cr-fl-pm-ses-100gm
Foodland Balaklava,2025-05-04 23:57:39,Fantastic Goodies Seeds + Grains,100g,was $4.00,$3.40,$3.40 per 100g,https://foodlandbalaklava.com.au//lines/fantastic-g-cr-q-bkw-mil-100gm
Foodland Balaklava,2025-05-04 23:57:39,Fantastic Rice Crackers French Onion & Cheese,100g,N/A,$2.50,$2.50 per 100g,https://foodlandbalaklava.com.au//lines/fantastic-rcrkr-fr-on-100gm
Foodland Balaklava,2025-05-04 23:57:39,Fantastic Rice Crackers Sour Cream & Chives,100g,N/A,$2.50,$2.50 per 100g,https://foodlandbalaklava.com.au//lines/fantastic-rcrkr-sc-chv-100gm
Foodland Balaklava,2025-05-04 23:57:39,Fantastic Rice Crackers Sweet Chilli & Sour Cream,100g,N/A,$2.50,$2.50 per 100g,https://foodlandbalaklava.com.au//lines/fantastic-rcrkr-chl-sc-100gm
Foodland Balaklava,2025-05-04 23:57:39,Fantastic Rice Squares Gluten-Free Rice Crackers Black Pepper,100g,was $3.05,$2.60,$2.60 per 100g,https://foodlandbalaklava.com.au//lines/fantastic-r-sqr-blk-pep-100g
Foodland Balaklava,2025-05-04 23:57:39,Farmers Market™ Adult Dog Beef And Farm Vegetables Dry Food,6.8kg,N/A,$40.00,$0.59 per 100g,https://foodlandbalaklava.com.au//lines/farm-mrkt-adult-beef-veg-6-8kg
Foodland Balaklava,2025-05-04 23:57:39,Farmers Union Greek Style High Protein Yogurt,500g,N/A,$4.50,$0.90 per 100g,https://foodlandbalaklava.com.au//lines/farm-union-ygt-grk-l-fat-500g
Foodland Balaklava,2025-05-04 23:57:39,Farmers Union Greek Style Yogurt Pouch Peach With Probiotics,130g,N/A,$2.20,$1.69 per 100g,https://foodlandbalaklava.com.au//lines/farm-un-ygt-grk-pch-peach130gm
Foodland Balaklava,2025-05-04 23:57:39,Farmers Union Greek Style Yogurt Pouch Vanilla With Probiotics,130g,N/A,$2.20,$1.69 per 100g,https://foodlandbalaklava.com.au//lines/f-union-ygt-grk-pch-van-130gm
Foodland Balaklava,2025-05-04 23:57:39,Farmers Union Iced Coffee No Sugar Added Ctn,600mL,was $3.25,$2.90,$4.83 per L,https://foodlandbalaklava.com.au//lines/f-union-iced-coff-nas-600ml
Foodland Balaklava,2025-05-04 23:57:39,Farmers Union Iced Coffee Protein,600mL,N/A,$4.10,$6.83 per L,https://foodlandbalaklava.com.au//lines/f-union-protein-i-coff-nas-600ml
Foodland Balaklava,2025-05-04 23:57:39,Farmers Union Light Greek Style Yogurt,1kg,N/A,$6.50,$0.65 per 100g,https://foodlandbalaklava.com.au//lines/farm-union-ygt-greek-st-lt-1kg
Foodland Balaklava,2025-05-04 23:57:39,Farmers Union Strong Iced Coffee Btl,750mL,was $4.70,$4.50,$6.00 per L,https://foodlandbalaklava.com.au//lines/f-union-iced-coffee-strng750ml
Foodland Balaklava,2025-05-04 23:57:40,Farms & Farm Machinery,N/A,N/A,$7.95,N/A,https://foodlandbalaklava.com.au//lines/farms-farm-machinery
Foodland Balaklava,2025-05-04 23:57:40,Fc Grubb Soda Water,750mL,N/A,$3.90,$5.20 per L,https://foodlandbalaklava.com.au//lines/fc-grubb-soda-water-750ml
Foodland Balaklava,2025-05-04 23:57:40,Febreze With Ambi Pur Fabric Refresher Extra Strength,370mL,N/A,$6.85,$18.51 per L,https://foodlandbalaklava.com.au//lines/febreze-x-strg-ambi-rfrs-370ml
Foodland Balaklava,2025-05-04 23:57:40,Feel'n Seedy Orange,330mL,N/A,$4.00,$1.21 per 100mL,https://foodlandbalaklava.com.au//lines/riverport-f-seedy-orange-330ml
Foodland Balaklava,2025-05-04 23:57:40,Fehlbergs Burger Pickles,490g,N/A,$3.20,$0.65 per 100g,https://foodlandbalaklava.com.au//lines/fehlbergs-pickles-burger-490gm
Foodland Balaklava,2025-05-04 23:57:40,Fehlbergs Cucumber Sweet Chipotle,470g,N/A,$4.20,$8.94 per kg,https://foodlandbalaklava.com.au//lines/fehlbergs-cucmbr-swt-chip470gm
Foodland Balaklava,2025-05-04 23:57:40,Fehlbergs Jalapenos And Chilli Mix,470g,was $4.20,$3.30,$0.70 per 100g,https://foodlandbalaklava.com.au//lines/fehlbergs-jalpn-chili-mix470gm
Foodland Balaklava,2025-05-04 23:57:40,Fehlbergs Pickled Cucumber Sandwich Stackers,500g,was $4.20,$3.30,$6.60 per kg,https://foodlandbalaklava.com.au//lines/fehlbergs-cucmbr-s-wch-500gm
Foodland Balaklava,2025-05-04 23:57:40,Felight Cat Litter Tray 1pk,N/A,was $7.80,$7.20,N/A,https://foodlandbalaklava.com.au//lines/felight-cat-litter-tray-1pk
Foodland Balaklava,2025-05-04 23:57:40,Felight Ltr Frshnr A/​Bac,300mL,N/A,$8.00,$2.67 per 100mL,https://foodlandbalaklava.com.au//lines/felight-ltr-frshnr-a-bac-300ml
Foodland Balaklava,2025-05-04 23:57:40,Felix Party Mix Classic Cat Treats,60g,was $4.75,$2.30,$3.83 per 100g,https://foodlandbalaklava.com.au//lines/purina-felix-trt-p-mx-clas60gm
Foodland Balaklava,2025-05-04 23:57:40,Ferguson Australia Flathead Fillet,200g,was $22.85,$20.50,$102.50 per kg,https://foodlandbalaklava.com.au//lines/ferguson-flathead-fillets-200g
Foodland Balaklava,2025-05-04 23:57:40,Ferguson Coorong Mullet,200g,was $16.80,$15.95,$79.75 per kg,https://foodlandbalaklava.com.au//lines/ferguson-coorong-mullet-250g-1
Foodland Balaklava,2025-05-04 23:57:40,Ferguson Flake Fillets,200g,N/A,$16.80,$84.00 per kg,https://foodlandbalaklava.com.au//lines/ferguson-flake-gummy-shark-200g
Foodland Balaklava,2025-05-04 23:57:40,Ferguson Lbstr Raw Sa Hlf200gm,N/A,N/A,$32.55,$162.75 per kg,https://foodlandbalaklava.com.au//lines/ferguson-lbstr-raw-sa-hlf200gm
Foodland Balaklava,2025-05-04 23:57:40,"Ferrero Collection, Assortment Of Ferrero Rocher, Raffaello And Rondnoir Chocolate Gift Box 24 Pieces (​)",269g,N/A,$31.50,$11.71 per 100g,https://foodlandbalaklava.com.au//lines/ferrero-collection-t24-269gm
Foodland Balaklava,2025-05-04 23:57:40,Ferrero Rocher Chocolate Gift Box 30 Pieces (​375g),375g,was $31.50,$22.65,$6.04 per 100g,https://foodlandbalaklava.com.au//lines/fero-rocher-gift-box-t30-375gm
Foodland Balaklava,2025-05-04 23:57:40,Ferrero Rocher Classic Premium Chocolate Frozen Dessert Sticks 4 Pack,N/A,was $12.60,$11.75,$5.88 per 100mL,https://foodlandbalaklava.com.au//lines/fero-rocher-m-p-i-crm-4s
Foodland Balaklava,2025-05-04 23:57:40,Fetta Australian Cheese,N/A,N/A,$22.00,N/A,https://foodlandbalaklava.com.au//lines/fetta-australian-cheese-1
Foodland Balaklava,2025-05-04 23:57:40,Fever-Tree Premium Soda Water,4 x 200mL,N/A,$9.50,$47.50 per L,https://foodlandbalaklava.com.au//lines/f-tree-soda-water-4x200ml
Foodland Balaklava,2025-05-04 23:57:40,Fibre One 90 Calorie Snack Lemon Drizzle Square,120g,was $7.25,$5.50,$4.58 per 100g,https://foodlandbalaklava.com.au//lines/fibre-one-bar-lemon-drizz120gm
Foodland Balaklava,2025-05-04 23:57:40,Fibre One Big Pack 10 Brownies,240g,N/A,$9.50,$3.96 per 100g,https://foodlandbalaklava.com.au//lines/fibre-one-brwn-choc-fudge240gm
Foodland Balaklava,2025-05-04 23:57:40,Fibre One Brownie Salted Caramel,120g,was $7.25,$5.50,$4.58 per 100g,https://foodlandbalaklava.com.au//lines/fibre-one-brwn-sltd-crml-120gm
Foodland Balaklava,2025-05-04 23:57:40,Fifya Hommus Dip,200g,was $5.50,$5.45,$2.72 per 100g,https://foodlandbalaklava.com.au//lines/fifya-hommus-dip-200g
Foodland Balaklava,2025-05-04 23:57:40,Fifya Tzatziki Dip,200g,was $5.50,$5.45,$2.72 per 100g,https://foodlandbalaklava.com.au//lines/fifya-tzatziki-dip-200g
Foodland Balaklava,2025-05-04 23:57:40,Fiji Natrual Artisan Water,1L,N/A,$3.70,$3.70 per L,https://foodlandbalaklava.com.au//lines/fiji-water-1l
Foodland Balaklava,2025-05-04 23:57:40,Fiji Natural Artesian Water,700mL,N/A,$3.90,$5.57 per L,https://foodlandbalaklava.com.au//lines/fiji-water-nat-artesian-700ml
Foodland Balaklava,2025-05-04 23:57:40,Fiji Water,500mL,N/A,$2.65,$5.30 per L,https://foodlandbalaklava.com.au//lines/fiji-water-500ml
Foodland Balaklava,2025-05-04 23:57:40,Find The Words,N/A,N/A,$6.95,N/A,https://foodlandbalaklava.com.au//lines/find-the-words
Foodland Balaklava,2025-05-04 23:57:40,Fini Pencils Sour Rainbow,100g,N/A,$2.99,$2.99 per 100g,https://foodlandbalaklava.com.au//lines/jjs-rainbow-sour-pencil-100g
Foodland Balaklava,2025-05-04 23:57:40,Fini Pencils Sour Strawberry,100g,N/A,$2.99,$2.99 per 100g,https://foodlandbalaklava.com.au//lines/fini-s-berry-sour-pencil-100g
Foodland Balaklava,2025-05-04 23:57:40,Fini Pencils Strawberry,100g,N/A,$2.99,$2.99 per 100g,https://foodlandbalaklava.com.au//lines/fini-s-berry-smooth-pencil-100g
Foodland Balaklava,2025-05-04 23:57:40,Finish Concentrated Powder Classic Original,1kg,N/A,$15.00,$1.50 per 100g,https://foodlandbalaklava.com.au//lines/finish-d-wsh-pdr-reg-conc-1kg
Foodland Balaklava,2025-05-04 23:57:40,Finish Dishwasher Deep Cleaner,250mL,was $11.05,$8.95,$3.58 per 100mL,https://foodlandbalaklava.com.au//lines/finish-d-wsh-cleanr-prom-250ml
Foodland Balaklava,2025-05-04 23:57:40,Finish Dishwasher Freshener Lemon & Lime,N/A,was $7.90,$5.95,$39.67 per 100g,https://foodlandbalaklava.com.au//lines/finish-deo-frsh-lem-lime-15gm
Foodland Balaklava,2025-05-04 23:57:40,Finish Dishwasher In-Wash Machine Cleaner 3 Pack,N/A,was $12.10,$8.95,$2.98 Each,https://foodlandbalaklava.com.au//lines/finish-d-wsh-cleanr-pch-3pk
Foodland Balaklava,2025-05-04 23:57:40,Finish Quantum Dishwashing Lemon 18 Pack,N/A,was $16.80,$11.00,$0.61 Each,https://foodlandbalaklava.com.au//lines/finish-tab-ult-aio-lmn-sprk18s
Foodland Balaklava,2025-05-04 23:57:40,Finish Ultimate Dishwashing Tablets Lemon 34 Pack,N/A,N/A,$42.00,$1.24 Each,https://foodlandbalaklava.com.au//lines/finish-tab-ult-lem-sprkl-34s
Foodland Balaklava,2025-05-04 23:57:40,Finish Ultimate Dishwashing Tablets Lemon 46 Pack,N/A,N/A,$51.45,$1.12 Each,https://foodlandbalaklava.com.au//lines/finish-qtm-ult-pro-lemon-46s
Foodland Balaklava,2025-05-04 23:57:40,First Response Instream Pregnancy Test 1 Pack,N/A,was $10.50,$9.00,N/A,https://foodlandbalaklava.com.au//lines/fst-respse-pregn-in-str-1kit
Foodland Balaklava,2025-05-04 23:57:40,Fisher Price Rock/​A/​Stck 2s,N/A,N/A,$11.50,N/A,https://foodlandbalaklava.com.au//lines/fisher-price-rock-a-stck-2s-2
Foodland Balaklava,2025-05-04 23:57:40,Fisherman's Friend Blackcurrant Sugar Free,25g,was $3.35,$2.80,$11.20 per 100g,https://foodlandbalaklava.com.au//lines/f-man-friend-blackcurrant-25gm
Foodland Balaklava,2025-05-04 23:57:40,Fisherman's Friend Honey-Lemon Sugar Free Lozenge,25g,was $3.35,$2.80,$11.20 per 100g,https://foodlandbalaklava.com.au//lines/f-man-friend-hny-lmn-s-f-25gm
Foodland Balaklava,2025-05-04 23:57:40,Fisherman's Friend Original Extra Strong Menthol Lozenge,25g,was $3.35,$2.80,$11.20 per 100g,https://foodlandbalaklava.com.au//lines/f-man-friend-orig-x-strng-25gm
Foodland Balaklava,2025-05-04 23:57:40,Fisherman's Friend Peppermint Sugar Free Mint,25g,was $3.35,$2.80,$11.20 per 100g,https://foodlandbalaklava.com.au//lines/f-man-friend-mint-sug-fre-25gm
Foodland Balaklava,2025-05-04 23:57:40,Fisherman's Friend Spearmint Sugar Free Mint,25g,was $3.35,$2.80,$11.20 per 100g,https://foodlandbalaklava.com.au//lines/f-man-friend-lozng-s-mint-25gm
Foodland Balaklava,2025-05-04 23:57:40,Fishermans Friend Lozenges Aniseed,25g,was $3.35,$2.80,$11.20 per 100g,https://foodlandbalaklava.com.au//lines/f-man-friend-aniseed-25gm
Foodland Balaklava,2025-05-04 23:57:40,Fishing Sa,N/A,N/A,$9.95,N/A,https://foodlandbalaklava.com.au//lines/fishing-sa
Foodland Balaklava,2025-05-04 23:57:41,Five Brothers Provvista Sugo Classica,700g,was $4.95,$4.00,$0.57 per 100g,https://foodlandbalaklava.com.au//lines/five-b-p-sce-prv-sugo-cls700gm-1
Foodland Balaklava,2025-05-04 23:57:41,Fizzi X Assorted,130g,N/A,$4.00,$2.67 per 100g,https://foodlandbalaklava.com.au//lines/fizzi-x-assorted-130g
Foodland Balaklava,2025-05-04 23:57:41,Fk- Junior Dolphin 20cm,N/A,N/A,$18.99,N/A,https://foodlandbalaklava.com.au//lines/fk-junior-dolphin-1
Foodland Balaklava,2025-05-04 23:57:41,Flavorino Tomatoes Pack,500g,N/A,$7.20,$14.40 per kg,https://foodlandbalaklava.com.au//lines/tomatoes-roma-500gm
Foodland Balaklava,2025-05-04 23:57:41,Fleurieu Chocolate Milk,500mL,N/A,$3.65,$7.30 per L,https://foodlandbalaklava.com.au//lines/fleurieu-f-frsh-chocolate-500m
Foodland Balaklava,2025-05-04 23:57:41,Fleurieu Double Shot Iced Coffee,500mL,N/A,$3.65,$7.30 per L,https://foodlandbalaklava.com.au//lines/fleurieu-f-frsh-iced-coffee-dbl-sht-500m
Foodland Balaklava,2025-05-04 23:57:41,Fleurieu Full Cream Milk,1L,N/A,$3.20,$3.20 per L,https://foodlandbalaklava.com.au//lines/fleurieu-f-fresh-milk-1l
Foodland Balaklava,2025-05-04 23:57:41,Fleurieu Full Cream Milk,2L,N/A,$5.50,$2.75 per L,https://foodlandbalaklava.com.au//lines/fleurieu-f-frsh-milk-full-cream-2lt
Foodland Balaklava,2025-05-04 23:57:41,Fleurieu Iced Coffee,500mL,N/A,$3.65,$7.30 per L,https://foodlandbalaklava.com.au//lines/fleurieu-f-frsh-iced-coffee-500m
Foodland Balaklava,2025-05-04 23:57:41,Fleurieu Jersey Milk,1L,N/A,$3.45,$3.45 per L,https://foodlandbalaklava.com.au//lines/fleurieu-jersey-prem-f-crm-milk-1l
Foodland Balaklava,2025-05-04 23:57:41,Fleurieu Lactose Free Banana Milk,500mL,N/A,$3.65,$7.30 per L,https://foodlandbalaklava.com.au//lines/fleurieu-f-frsh-banana-500ml
Foodland Balaklava,2025-05-04 23:57:41,Fleurieu Lactose Free Full Cream Milk,1L,N/A,$3.95,$3.95 per L,https://foodlandbalaklava.com.au//lines/fleurieu-l-free-full-cream-milk-1lt
Foodland Balaklava,2025-05-04 23:57:41,Fleurieu Lactose Free Full Cream Milk,2L,N/A,$6.35,$3.18 per L,https://foodlandbalaklava.com.au//lines/fleurieu-l-free-full-cream-milk-2lt
Foodland Balaklava,2025-05-04 23:57:41,Fleurieu Lactose Free Iced Coffee,500mL,N/A,$3.65,$7.30 per L,https://foodlandbalaklava.com.au//lines/fleurieu-f-frsh-i-coffee-nas-l-free-500m
Foodland Balaklava,2025-05-04 23:57:41,Fleurieu Low Fat Milk,1L,N/A,$3.20,$3.20 per L,https://foodlandbalaklava.com.au//lines/fleurieu-f-fresh-low-fat-milk-1l
Foodland Balaklava,2025-05-04 23:57:41,Fleurieu Milk Company Full Cream Fresh Milk,1L,N/A,$3.20,$3.20 per L,https://foodlandbalaklava.com.au//lines/fleurieu-full-cream-milk-1lt
Foodland Balaklava,2025-05-04 23:57:41,Fleurieu Milk Company Iced Coffee Double Shot Flavoured Milk,2L,was $7.85,$7.70,$3.85 per L,https://foodlandbalaklava.com.au//lines/fleu-f-frsh-dbl-shot-coffee-2lt
Foodland Balaklava,2025-05-04 23:57:41,Fleurieu Strawberry Milk,500mL,N/A,$3.65,$7.30 per L,https://foodlandbalaklava.com.au//lines/fleurieu-f-frsh-strawberry-500m
Foodland Balaklava,2025-05-04 23:57:41,Fleurieu Unhomogenised Full Cream Milk,2L,N/A,$5.50,$2.75 per L,https://foodlandbalaklava.com.au//lines/fleurieu-f-frsh-milk-2lt
Foodland Balaklava,2025-05-04 23:57:41,Flora Original Spread,250g,was $3.25,$2.80,$1.12 per 100g,https://foodlandbalaklava.com.au//lines/flora-sprd-orig-250gm-1
Foodland Balaklava,2025-05-04 23:57:41,Flora Pro-Activ Original Spread,500g,was $10.00,$7.50,$1.50 per 100g,https://foodlandbalaklava.com.au//lines/flora-sprd-pr-activ-500gm
Foodland Balaklava,2025-05-04 23:57:41,Flott Anchovies,80g,N/A,$5.00,$62.50 per kg,https://foodlandbalaklava.com.au//lines/flott-anchovies-80g
Foodland Balaklava,2025-05-04 23:57:41,Flowers Arrangement Med Box,N/A,N/A,$34.99,N/A,https://foodlandbalaklava.com.au//lines/flowers-arrangement-med-box
Foodland Balaklava,2025-05-04 23:57:41,Flowers Native Bouquet,N/A,N/A,$42.95,N/A,https://foodlandbalaklava.com.au//lines/flowers-native-bouquet-1
Foodland Balaklava,2025-05-04 23:57:41,Flowers Posy Bouquet,N/A,N/A,$34.95,N/A,https://foodlandbalaklava.com.au//lines/flowers-posy-bouquet-2
Foodland Balaklava,2025-05-04 23:57:41,Flowers Pot Mini Phalaenopsis,N/A,N/A,$35.00,N/A,https://foodlandbalaklava.com.au//lines/potted-mini-phalaenopsis
Foodland Balaklava,2025-05-04 23:57:41,Flowers Xl Basket Arrangement,N/A,N/A,$39.99,N/A,https://foodlandbalaklava.com.au//lines/flowers-xl-basket-arrangement
Foodland Balaklava,2025-05-04 23:57:41,"Fluffy Clothes Refresher Liquid Spray, , It's A Breeze, Freshen Up",400mL,was $7.35,$6.00,$15.00 per L,https://foodlandbalaklava.com.au//lines/fluffy-freshnup-spry-brz-400ml
Foodland Balaklava,2025-05-04 23:57:41,"Fluffy Concentrate Liquid Fabric Softener Conditioner, , 100 Washes, Spice Allure, Fragrance Temptations",2L,was $16.80,$13.00,$6.50 per L,https://foodlandbalaklava.com.au//lines/fluffy-fab-sft-ult-spce-alu-2l
Foodland Balaklava,2025-05-04 23:57:41,"Fluffy Concentrate Liquid Fabric Softener Conditioner, , 25 Washes, Spice Allure, Fragrance Temptations",500mL,was $5.50,$4.75,$9.50 per L,https://foodlandbalaklava.com.au//lines/fluffy-fab-sft-ult-v-spc-500ml
Foodland Balaklava,2025-05-04 23:57:41,"Fluffy Concentrate Liquid Fabric Softener Conditioner, , 45 Washes, Coconut & Vanilla, Divine Blends",900mL,N/A,$10.00,$11.11 per L,https://foodlandbalaklava.com.au//lines/fluffy-fab-sft-ult-dv-v-c900ml
Foodland Balaklava,2025-05-04 23:57:41,"Fluffy Concentrate Liquid Fabric Softener Conditioner, , 45 Washes, Lotus Flower & Sea Minerals, Divine Blends",900mL,N/A,$10.00,$11.11 per L,https://foodlandbalaklava.com.au//lines/fluffy-fab-sft-ult-div-bl900ml
Foodland Balaklava,2025-05-04 23:57:41,"Fluffy Concentrate Liquid Fabric Softener Conditioner, , 50 Washes, Creamy Coconut, Pure Scents-Itive, Hypoallergenic",1L,N/A,$10.00,$10.00 per L,https://foodlandbalaklava.com.au//lines/fluffy-fab-sft-ult-pure-1l
Foodland Balaklava,2025-05-04 23:57:41,"Fluffy Concentrate Liquid Fabric Softener Conditioner, , 50 Washes, Spice Allure, Fragrance Temptations",1L,N/A,$10.00,$10.00 per L,https://foodlandbalaklava.com.au//lines/fluffy-fab-sft-ult-v-spc-1l
Foodland Balaklava,2025-05-04 23:57:41,"Fluffy Concentrate Liquid Fabric Softener Conditioner, , 50 Washes, Summer Breeze, Long Lasting Freshness",1L,N/A,$10.00,$10.00 per L,https://foodlandbalaklava.com.au//lines/fluffy-fab-sft-ult-sum-brze-1l
Foodland Balaklava,2025-05-04 23:57:41,"Fluffy Concentrate Liquid Fabric Softener Conditioner, , 95 Washes, Coconut & Vanilla, Divine Blends",1.9L,was $16.80,$13.00,$6.84 per L,https://foodlandbalaklava.com.au//lines/fluffy-fab-sft-db-coc-van-1-9lt
Foodland Balaklava,2025-05-04 23:57:41,"Fluffy Laundry In Wash Scent Booster Beads, , Cloud Nine, Perfume For Your Wash, Long Lasting Freshness, Fragrance",250g,was $16.80,$13.00,$5.20 per 100g,https://foodlandbalaklava.com.au//lines/fluffy-fab-sft-cloud-nine250gm
Foodland Balaklava,2025-05-04 23:57:41,"Fluffy Regular Liquid Fabric Softener Conditioner, , Jasmine Fresh, Long Lasting Freshness",2L,was $8.20,$7.00,$3.50 per L,https://foodlandbalaklava.com.au//lines/fluffy-fab-sft-jasmine-2l
Foodland Balaklava,2025-05-04 23:57:41,"Fluffy Regular Liquid Fabric Softener Conditioner, , Summer Breeze, Long Lasting Freshness",2L,was $8.20,$7.00,$3.50 per L,https://foodlandbalaklava.com.au//lines/fluffy-fab-sft-summer-breeze2l
Foodland Balaklava,2025-05-04 23:57:41,"Fluffy Regular Liquid Fabric Softener Conditioner, , White Lavender, Long Lasting Freshness",2L,was $8.20,$7.00,$3.50 per L,https://foodlandbalaklava.com.au//lines/fluffy-fab-sft-wht-lavndr-2l
Foodland Balaklava,2025-05-04 23:57:41,"Fluffy Tumble Dryer Sheets, 40 Pack, Field Flowers, Long Lasting Fragrance",N/A,N/A,$7.90,$19.75 Units100,https://foodlandbalaklava.com.au//lines/fluffy-dryer-sht-fld-flwrs-40s
Foodland Balaklava,2025-05-04 23:57:41,Flying Goose Hoi Sin Sauce,455mL,N/A,$6.70,$1.47 per 100mL,https://foodlandbalaklava.com.au//lines/flying-goose-hoi-sin-sauce-455ml
Foodland Balaklava,2025-05-04 23:57:41,Flying Goose Sriracha Kimchi,455mL,N/A,$9.70,$2.13 per 100mL,https://foodlandbalaklava.com.au//lines/flying-goose-sriracha-kimchi-455ml
Foodland Balaklava,2025-05-04 23:57:41,Food Container 3 Sections 8 Pack,N/A,N/A,$9.50,N/A,https://foodlandbalaklava.com.au//lines/reusable-food-container-3-sectn
Foodland Balaklava,2025-05-04 23:57:41,Food Guru Bag Clips,N/A,N/A,$4.52,N/A,https://foodlandbalaklava.com.au//lines/f-guru-bag-clips-12pk
Foodland Balaklava,2025-05-04 23:57:41,Food Guru Can Opener Wing 1pk,N/A,N/A,$3.68,N/A,https://foodlandbalaklava.com.au//lines/f-guru-wing-can-opener
Foodland Balaklava,2025-05-04 23:57:41,Food Guru Chopping Board Anti-Bacterial Large,N/A,N/A,$11.54,N/A,https://foodlandbalaklava.com.au//lines/f-guru-chopping-bd-anti-bat-lg
Foodland Balaklava,2025-05-04 23:57:41,Food Guru Coffee Mug Everyday,N/A,N/A,$4.62,N/A,https://foodlandbalaklava.com.au//lines/f-guru-coffee-mug-everyday-1s
Foodland Balaklava,2025-05-04 23:57:42,Food Guru Coffee Plunger,N/A,N/A,$15.02,N/A,https://foodlandbalaklava.com.au//lines/f-guru-coffee-plunger-1pk
Foodland Balaklava,2025-05-04 23:57:42,Food Guru Cutlery Stainless Steel Spoon 4pk,N/A,N/A,$7.35,N/A,https://foodlandbalaklava.com.au//lines/f-guru-cutlery-s-s-spoon-4pk
Foodland Balaklava,2025-05-04 23:57:42,Food Guru Cutlery Stainless Steel Teaspoon 6,N/A,N/A,$6.30,N/A,https://foodlandbalaklava.com.au//lines/f-guru-cutlery-s-s-teaspoon-6p
Foodland Balaklava,2025-05-04 23:57:42,Food Guru Egg Slicer Each,N/A,N/A,$4.10,N/A,https://foodlandbalaklava.com.au//lines/f-guru-slicer-egg
Foodland Balaklava,2025-05-04 23:57:42,Food Guru Foil BBQ Trays 6pk,N/A,N/A,$4.40,N/A,https://foodlandbalaklava.com.au//lines/f-guru-foil-bbq-tras-6pk
Foodland Balaklava,2025-05-04 23:57:42,Food Guru Foil Deep Dish Trays,N/A,N/A,$2.80,N/A,https://foodlandbalaklava.com.au//lines/f-guru-foil-tray-deepdish-2pk
Foodland Balaklava,2025-05-04 23:57:42,Food Guru Foil Pie Pans 18pk,N/A,N/A,$3.30,N/A,https://foodlandbalaklava.com.au//lines/f-guru-foil-pie-pans-18pk
Foodland Balaklava,2025-05-04 23:57:42,Food Guru Foil Pie Pans Large 4 Pk,N/A,N/A,$3.30,N/A,https://foodlandbalaklava.com.au//lines/f-guru-foil-pie-pans-lg-4-pk
Foodland Balaklava,2025-05-04 23:57:42,Food Guru Funnel Set 3 Pce,N/A,N/A,$2.63,N/A,https://foodlandbalaklava.com.au//lines/f-guru-set-funnel-3pcs
Foodland Balaklava,2025-05-04 23:57:42,Food Guru Glass Tumbler,4 x 320mL,N/A,$5.25,N/A,https://foodlandbalaklava.com.au//lines/f-guru-glass-tumbler-320ml-4pk
Foodland Balaklava,2025-05-04 23:57:42,Food Guru Jar With Flip Lid,1L,N/A,$5.88,N/A,https://foodlandbalaklava.com.au//lines/f-guru-jar-with-flip-lid-1l
Foodland Balaklava,2025-05-04 23:57:42,Food Guru Jar With Flip Lid,500mL,N/A,$4.62,N/A,https://foodlandbalaklava.com.au//lines/f-guru-jar-with-flip-lid-500ml
Foodland Balaklava,2025-05-04 23:57:42,Food Guru Juicer Citrus,N/A,N/A,$6.30,N/A,https://foodlandbalaklava.com.au//lines/f-guru-juicer-citrus
Foodland Balaklava,2025-05-04 23:57:42,Food Guru Knife Paring 4,N/A,N/A,$3.68,N/A,https://foodlandbalaklava.com.au//lines/f-guru-knife-paring-4pc
Foodland Balaklava,2025-05-04 23:57:42,Food Guru Large Non-Slip Stainless Steel Mixing Bowl,N/A,N/A,$14.81,N/A,https://foodlandbalaklava.com.au//lines/f-guru-s-s-mix-bwl-n-slip-lge
Foodland Balaklava,2025-05-04 23:57:42,Food Guru Maker Ice Block,N/A,N/A,$4.52,N/A,https://foodlandbalaklava.com.au//lines/f-guru-maker-ice-block
Foodland Balaklava,2025-05-04 23:57:42,Food Guru Masher Rubber Grip Nylon 1pk,N/A,N/A,$6.30,N/A,https://foodlandbalaklava.com.au//lines/f-guru-masher-rubr-grip-nylon
Foodland Balaklava,2025-05-04 23:57:42,Food Guru Measuring Cups 4pk,N/A,N/A,$5.67,N/A,https://foodlandbalaklava.com.au//lines/f-guru-cup-measuring-4pcs
Foodland Balaklava,2025-05-04 23:57:42,Food Guru Measuring Spoon 5 Pack,N/A,N/A,$4.52,N/A,https://foodlandbalaklava.com.au//lines/f-guru-spoons-measuring-5pcs
Foodland Balaklava,2025-05-04 23:57:42,Food Guru Mixing Bowls,N/A,N/A,$14.70,N/A,https://foodlandbalaklava.com.au//lines/f-guru-bowl-mixing-3pk
Foodland Balaklava,2025-05-04 23:57:42,Food Guru Non Stick Pizza Pan,N/A,N/A,$11.24,N/A,https://foodlandbalaklava.com.au//lines/f-guru-n-stick-pizza-pan
Foodland Balaklava,2025-05-04 23:57:42,Food Guru Non-Stick Biscuit Tray,N/A,N/A,$8.40,N/A,https://foodlandbalaklava.com.au//lines/f-guru-n-stick-biscuit-tray
Foodland Balaklava,2025-05-04 23:57:42,Food Guru Oven Gloves,N/A,N/A,$6.83,N/A,https://foodlandbalaklava.com.au//lines/f-guru-oven-glove-1pk
Foodland Balaklava,2025-05-04 23:57:42,Food Guru Paring Knife With Cover,N/A,N/A,$4.52,N/A,https://foodlandbalaklava.com.au//lines/f-guru-knife-paring
Foodland Balaklava,2025-05-04 23:57:42,Food Guru Rolling Pin Rubberwood,N/A,N/A,$14.70,N/A,https://foodlandbalaklava.com.au//lines/f-guru-rolling-pin-rubberwood
Foodland Balaklava,2025-05-04 23:57:42,Food Guru Rubber Spatula 3,N/A,N/A,$7.98,N/A,https://foodlandbalaklava.com.au//lines/f-guru-spatula-rubber-3pcs
Foodland Balaklava,2025-05-04 23:57:42,Food Guru S/​S Garlic Press,N/A,N/A,$6.30,N/A,https://foodlandbalaklava.com.au//lines/f-guru-s-s-garlic-press
Foodland Balaklava,2025-05-04 23:57:42,Food Guru Scissors 20cm,N/A,N/A,$7.35,N/A,https://foodlandbalaklava.com.au//lines/f-guru-scissors-hh-20cm
Foodland Balaklava,2025-05-04 23:57:42,Food Guru Scissors Kitchen Soft Grip,N/A,N/A,$10.50,N/A,https://foodlandbalaklava.com.au//lines/f-guru-sciss-kitchen-soft-grip
Foodland Balaklava,2025-05-04 23:57:42,Food Guru Shaker Kitchen Stainless Steel,N/A,N/A,$3.47,N/A,https://foodlandbalaklava.com.au//lines/f-guru-shaker-kitchen-s-s
Foodland Balaklava,2025-05-04 23:57:42,Food Guru Sieve 180mm,N/A,N/A,$5.78,N/A,https://foodlandbalaklava.com.au//lines/f-guru-sieve-180mm
Foodland Balaklava,2025-05-04 23:57:42,Food Guru Sieve 64mm,N/A,N/A,$3.47,N/A,https://foodlandbalaklava.com.au//lines/f-guru-sieve-64mm
Foodland Balaklava,2025-05-04 23:57:42,"Food Guru Springform, Round, 20cm Non Stick Cake Tin",N/A,N/A,$9.45,N/A,https://foodlandbalaklava.com.au//lines/f-guru-caketin-n-stk-sprf-20cm
Foodland Balaklava,2025-05-04 23:57:42,Food Guru Stainless Steal Peeler,N/A,N/A,$3.36,N/A,https://foodlandbalaklava.com.au//lines/f-guru-s-steel-y-peeler
Foodland Balaklava,2025-05-04 23:57:42,Food Guru Stainless Steel Can Opener,N/A,N/A,$10.50,N/A,https://foodlandbalaklava.com.au//lines/f-guru-s-s-can-opener-delux
Foodland Balaklava,2025-05-04 23:57:42,Food Guru Stainless Steel Carving Knife,N/A,N/A,$11.34,N/A,https://foodlandbalaklava.com.au//lines/f-guru-s-s-knife-carving
Foodland Balaklava,2025-05-04 23:57:42,Food Guru Stainless Steel Cooks Knife,N/A,N/A,$11.34,N/A,https://foodlandbalaklava.com.au//lines/f-guru-s-s-knife-cook
Foodland Balaklava,2025-05-04 23:57:42,Food Guru Stainless Steel Cutlery Knife 4pk,N/A,N/A,$7.35,N/A,https://foodlandbalaklava.com.au//lines/f-guru-s-s-cutlery-knife-4pk
Foodland Balaklava,2025-05-04 23:57:42,Food Guru Stainless Steel Icecream Scoop,N/A,N/A,$5.15,N/A,https://foodlandbalaklava.com.au//lines/f-guru-s-s-ice-cream-scoop
Foodland Balaklava,2025-05-04 23:57:42,Food Guru Stainless Steel Knife Paring,N/A,N/A,$6.83,N/A,https://foodlandbalaklava.com.au//lines/f-guru-s-s-knife-paring
Foodland Balaklava,2025-05-04 23:57:42,Food Guru Stainless Steel Knife Utility,N/A,N/A,$6.29,N/A,https://foodlandbalaklava.com.au//lines/f-guru-s-s-knife-utility
Foodland Balaklava,2025-05-04 23:57:42,Food Guru Stainless Steel Mini Tongs 3pk,N/A,N/A,$7.35,N/A,https://foodlandbalaklava.com.au//lines/f-guru-s-s-mini-tongs-3pk
Foodland Balaklava,2025-05-04 23:57:42,Food Guru Stainless Steel Slotted Spoon,N/A,N/A,$7.98,N/A,https://foodlandbalaklava.com.au//lines/f-guru-s-s-slotted-spoon
Foodland Balaklava,2025-05-04 23:57:42,Food Guru Stainless Steel Tong Soft Grip 40cm,N/A,N/A,$7.88,N/A,https://foodlandbalaklava.com.au//lines/f-guru-s-s-tong-sft-grip-40cm
Foodland Balaklava,2025-05-04 23:57:42,Food Guru Stainless Steel Tongs 23,N/A,N/A,$3.68,N/A,https://foodlandbalaklava.com.au//lines/f-guru-s-s-tong-23cm
Foodland Balaklava,2025-05-04 23:57:42,Food Guru Stainless Steel Whisk Small,N/A,N/A,$2.31,N/A,https://foodlandbalaklava.com.au//lines/f-guru-whisk-s-s-sml
Foodland Balaklava,2025-05-04 23:57:42,Food Guru Tongs Soft Grip Each,N/A,N/A,$5.25,N/A,https://foodlandbalaklava.com.au//lines/f-guru-sftgrp-tong-nynhd-23cm
Foodland Balaklava,2025-05-04 23:57:42,Food Guru Wooden Spoon 3,N/A,N/A,$4.52,N/A,https://foodlandbalaklava.com.au//lines/f-guru-spoon-wooden-3pcs
Foodland Balaklava,2025-05-04 23:57:44,Foodguru Bowl Cover Set 10pk,N/A,N/A,$2.31,N/A,https://foodlandbalaklava.com.au//lines/f-guru-cover-bowl-set-10pk
Foodland Balaklava,2025-05-04 23:57:44,Foodguru Foil Freezer Trays With Lids 4pk,N/A,N/A,$3.30,N/A,https://foodlandbalaklava.com.au//lines/f-guru-foil-frzr-tray-w-lid4pk
Foodland Balaklava,2025-05-04 23:57:44,Foodguru Jug Measuring,1L,N/A,$3.47,N/A,https://foodlandbalaklava.com.au//lines/f-guru-jug-measuring-1-litre
Foodland Balaklava,2025-05-04 23:57:44,Foodguru Silicon Mini Spatula,N/A,N/A,$3.99,N/A,https://foodlandbalaklava.com.au//lines/f-guru-silicon-mini-spatula
Foodland Balaklava,2025-05-04 23:57:44,Foodguru Spoon Rubberwood,N/A,N/A,$5.78,N/A,https://foodlandbalaklava.com.au//lines/f-guru-spoon-rubberwood
Foodland Balaklava,2025-05-04 23:57:44,Foodguru Stainless Steel Knife Steak 4pk,N/A,N/A,$10.49,N/A,https://foodlandbalaklava.com.au//lines/f-guru-s-s-knife-steak-4pk
Foodland Balaklava,2025-05-04 23:57:44,Foodguru Whisk Stainless Steel Large,N/A,N/A,$5.67,N/A,https://foodlandbalaklava.com.au//lines/f-guru-whisk-s-s-lge
Foodland Balaklava,2025-05-04 23:57:44,Foodland Wholemeal Sandwich,700g,was $3.40,$3.30,$0.47 per 100g,https://foodlandbalaklava.com.au//lines/f-land-brd-s-w-w-meal-700gm
Foodland Balaklava,2025-05-04 23:57:44,Footcare By Maseur Foam Insoles 2 Pairs,N/A,was $11.00,$9.25,$4.62 Each,https://foodlandbalaklava.com.au//lines/footcare-insole-foam-latex-2pk
Foodland Balaklava,2025-05-04 23:57:44,"Footcare Lambswool Insoles, 1 Pair",N/A,was $8.50,$7.65,N/A,https://foodlandbalaklava.com.au//lines/footcare-insole-lambswool-1pk
Foodland Balaklava,2025-05-04 23:57:44,"Footcare Maseur Men's Memory Foam Insoles, 1 Pair",N/A,was $20.00,$18.85,N/A,https://foodlandbalaklava.com.au//lines/footcare-insole-memory-foam-mens
Foodland Balaklava,2025-05-04 23:57:44,"Footcare Maseur Women's Memory Foam Insoles, 1 Pair",N/A,was $20.00,$18.85,N/A,https://foodlandbalaklava.com.au//lines/footcare-insole-memory-foam-wmn
Foodland Balaklava,2025-05-04 23:57:44,Footcare Men's Ultra Sport Insoles,N/A,N/A,$19.00,N/A,https://foodlandbalaklava.com.au//lines/footcare-insole-u-sprt-men-1pk
Foodland Balaklava,2025-05-04 23:57:44,Forager Fruits App/​Bcurrant,20g,N/A,$3.60,$18.00 per 100g,https://foodlandbalaklava.com.au//lines/forager-fruits-app-bcurrant-20g
Foodland Balaklava,2025-05-04 23:57:44,Fortune Noodles Beef,70g,was $1.60,$1.30,$1.86 per 100g,https://foodlandbalaklava.com.au//lines/fortune-cup-ndl-beef-70gm
Foodland Balaklava,2025-05-04 23:57:44,Fortune Noodles Chicken,70g,was $1.60,$1.30,$1.86 per 100g,https://foodlandbalaklava.com.au//lines/fortune-cup-ndl-chicken-70gm
Foodland Balaklava,2025-05-04 23:57:44,Foster Clark's® Egg Custard Mix,75g,N/A,$3.70,$4.93 per 100g,https://foodlandbalaklava.com.au//lines/f-clark-egg-custard-van-75gm
Foodland Balaklava,2025-05-04 23:57:44,Foster Clark's® Quick Custard Mix,80g,N/A,$2.75,$3.44 per 100g,https://foodlandbalaklava.com.au//lines/f-clark-quik-custard-mix-80gm
Foodland Balaklava,2025-05-04 23:57:44,Foster Clark's® Snak Pack™ Strawberry Flavoured Custard,120g,N/A,$2.00,$0.28 per 100g,https://foodlandbalaklava.com.au//lines/f-clark-snak-pk-s-bry-120gm
Foodland Balaklava,2025-05-04 23:57:44,Foster Clark's® Snak Pack™ Vanilla Flavoured Custard,120g,N/A,$2.00,$0.28 per 100g,https://foodlandbalaklava.com.au//lines/f-clark-snak-pk-van-120gm
Foodland Balaklava,2025-05-04 23:57:44,Fountain® Barbecue Sauce Reduced Sugar*,500mL,N/A,$2.40,$0.48 per 100mL,https://foodlandbalaklava.com.au//lines/fount-sce-sqz-bbq-nas-500ml
Foodland Balaklava,2025-05-04 23:57:44,Fountain® Mustard Sauce,250mL,N/A,$4.00,$1.60 per 100mL,https://foodlandbalaklava.com.au//lines/fount-sce-mustard-250ml
Foodland Balaklava,2025-05-04 23:57:44,Fountain® Reduced Sugar* Tomato Sauce,500mL,N/A,$2.40,$0.48 per 100mL,https://foodlandbalaklava.com.au//lines/fount-sce-sqz-tomato-nas-500ml
Foodland Balaklava,2025-05-04 23:57:44,Fountain® Satay Sauce,250mL,N/A,$4.00,$1.60 per 100mL,https://foodlandbalaklava.com.au//lines/fount-sce-satay-250ml
Foodland Balaklava,2025-05-04 23:57:44,Fountain® Steak Sauce,250mL,N/A,$4.00,$1.60 per 100mL,https://foodlandbalaklava.com.au//lines/fount-sce-steak-250ml
Foodland Balaklava,2025-05-04 23:57:44,Fountain® Sweet Chilli Sauce,500mL,was $4.60,$3.60,$0.72 per 100mL,https://foodlandbalaklava.com.au//lines/fount-sce-sqz-chilli-swt-500ml
Foodland Balaklava,2025-05-04 23:57:44,Fountain® Thick Mint Sauce,250mL,N/A,$4.00,$1.60 per 100mL,https://foodlandbalaklava.com.au//lines/fount-sce-mint-thick-250ml
Foodland Balaklava,2025-05-04 23:57:44,Four Seasons Condoms Naked Larger 12 Pack,N/A,was $7.35,$6.50,$0.54 Each,https://foodlandbalaklava.com.au//lines/4-season-condom-naked-lrg-12pk
Foodland Balaklava,2025-05-04 23:57:44,Four'n Twenty Angus Beef And Pepper Pie 4 Pack,700g,was $12.60,$11.25,$1.61 per 100g,https://foodlandbalaklava.com.au//lines/4-n-20-pie-ang-bf-pep-4s-700gm
Foodland Balaklava,2025-05-04 23:57:44,Four'n Twenty Butter Chicken Pies,70g,N/A,$9.00,$1.29 per 100g,https://foodlandbalaklava.com.au//lines/4-n-20-pie-btr-chkn-4s-700gm
Foodland Balaklava,2025-05-04 23:57:44,Four'n Twenty Cheeseburger Flavour Pies,700g,N/A,$9.00,$1.29 per 100g,https://foodlandbalaklava.com.au//lines/4-n-20-pie-chsburgr-4s-700g
Foodland Balaklava,2025-05-04 23:57:44,Four'n Twenty Chicken & Vegetable Pies,4 x 700g,N/A,$9.00,$1.29 per 100g,https://foodlandbalaklava.com.au//lines/4-n-20-pie-chick-veg-4s-700gm
Foodland Balaklava,2025-05-04 23:57:44,Four'n Twenty Jumbo Sausage Rolls,700g,was $10.00,$7.75,$1.11 per 100g,https://foodlandbalaklava.com.au//lines/4-n-20-s-roll-jumbo-6s-700gm
Foodland Balaklava,2025-05-04 23:57:44,Franks Redhot Buffalo Wings,148mL,N/A,$4.00,$2.70 per 100mL,https://foodlandbalaklava.com.au//lines/franks-red-hot-buffalo-sce-148ml-1
Foodland Balaklava,2025-05-04 23:57:44,Fray Bentos Steak & Kidney Pie,425g,N/A,$11.05,$2.60 per 100g,https://foodlandbalaklava.com.au//lines/f-bentos-pie-stk-kid-425gm
Foodland Balaklava,2025-05-04 23:57:44,Freedom Foods Freedom Crafted Blends Fruit & Seed Muesli,400g,was $8.95,$7.50,$1.88 per 100g,https://foodlandbalaklava.com.au//lines/f-dom-crft-blnd-mues-frt-400gm
Foodland Balaklava,2025-05-04 23:57:44,French Fries Multipack X6 Original,N/A,was $4.75,$3.50,$3.15 per 100g,https://foodlandbalaklava.com.au//lines/french-fries-6mp-111gm
Foodland Balaklava,2025-05-04 23:57:44,French Fries Original,45g,was $2.00,$1.50,$3.33 per 100g,https://foodlandbalaklava.com.au//lines/french-fries-original-45gm
Foodland Balaklava,2025-05-04 23:57:44,French Fries Original Generic Size,N/A,was $5.25,$3.90,$2.23 per 100g,https://foodlandbalaklava.com.au//lines/french-fries-original-175gm
Foodland Balaklava,2025-05-04 23:57:44,French's Mustard,226g,N/A,$4.00,$1.77 per 100g,https://foodlandbalaklava.com.au//lines/french-s-classic-yellow-226g-2
Foodland Balaklava,2025-05-04 23:57:44,Fresh Bait Rat Trap Each,N/A,N/A,$10.00,N/A,https://foodlandbalaklava.com.au//lines/fresh-bait-rat-trap-each
Foodland Balaklava,2025-05-04 23:57:44,Fresh Baited Mouse Trap Each,N/A,N/A,$6.00,N/A,https://foodlandbalaklava.com.au//lines/fresh-baited-mouse-trap-each
Foodland Balaklava,2025-05-04 23:57:44,Fresh Bake Almond Fingers,280g,was $5.40,$5.10,$1.82 per 100g,https://foodlandbalaklava.com.au//lines/freshbake-almond-fingers-280g
Foodland Balaklava,2025-05-04 23:57:44,Fresh Bake Apple Cake,300g,was $8.95,$8.75,$2.92 per 100g,https://foodlandbalaklava.com.au//lines/freshbake-apple-cake-300g
Foodland Balaklava,2025-05-04 23:57:44,Fresh Bake Apple Lattice Rounds,255g,was $5.60,$5.45,$2.14 per 100g,https://foodlandbalaklava.com.au//lines/f-bake-apple-rounds-6pk-255gm
Foodland Balaklava,2025-05-04 23:57:44,Freshbake Lemon Cream Cake,300g,was $8.95,$8.75,$2.92 per 100g,https://foodlandbalaklava.com.au//lines/freshbake-lemon-crm-cake-300g
Foodland Balaklava,2025-05-04 23:57:44,Freshbake Strawberry Lattice Rounds 6pk,255g,was $5.60,$5.45,$2.14 per 100g,https://foodlandbalaklava.com.au//lines/f-bake-strawberry-rounds-6pk-255gm
Foodland Balaklava,2025-05-04 23:57:44,Frico Chse Edam Slces,150g,N/A,$5.00,$3.33 per 100g,https://foodlandbalaklava.com.au//lines/frico-chse-edam-slces-150g
Foodland Balaklava,2025-05-04 23:57:45,Fritz Pork Bertocchi Rw,N/A,N/A,$12.98,N/A,https://foodlandbalaklava.com.au//lines/fritz-pork-bertocchi-rw-1
Foodland Balaklava,2025-05-04 23:57:45,Frozen 2 Stickers Puffy 3pks/​C,N/A,N/A,$2.50,N/A,https://foodlandbalaklava.com.au//lines/frozen-2-stickers-puffy-3pks-c
Foodland Balaklava,2025-05-04 23:57:45,Fruit Burst Barbie Apple & Blackcurrant Drink,125mL,N/A,$2.95,$11.80 per L,https://foodlandbalaklava.com.au//lines/frt-brst-drk-ap-bcur-brbi250ml
Foodland Balaklava,2025-05-04 23:57:45,Fruit Burst Minions Orange Drink,250mL,N/A,$2.95,$11.80 per L,https://foodlandbalaklava.com.au//lines/frt-brst-drk-orng-minoin-250ml
Foodland Balaklava,2025-05-04 23:57:45,Fruit Salad,300g,N/A,$5.00,N/A,https://foodlandbalaklava.com.au//lines/fruit-salad-300g
Foodland Balaklava,2025-05-04 23:57:45,Fruity Burst Batman Apple Blackcurrent,250mL,N/A,$2.95,$11.80 per L,https://foodlandbalaklava.com.au//lines/frt-brst-drk-apl-batman-250ml
Foodland Balaklava,2025-05-04 23:57:45,Fry Family Food Co Frozen Soy & Flaxseed Schnitzels 4pk,320g,N/A,$7.00,$2.19 per 100g,https://foodlandbalaklava.com.au//lines/fry-s-schnitzels-320g
Foodland Balaklava,2025-05-04 23:57:45,Fry's Turkish Delight Bar,50g,was $2.65,$2.05,$4.10 per 100g,https://foodlandbalaklava.com.au//lines/frys-turk-delight-50gm
Foodland Balaklava,2025-05-04 23:57:45,Fry's Turkish Delight Flavoured Chocolate Jellies,140g,was $7.35,$5.15,$3.68 per 100g,https://foodlandbalaklava.com.au//lines/frys-turk-delight-bites-140gm
Foodland Balaklava,2025-05-04 23:57:45,Fudge Clean Blonde Shampoo,250mL,N/A,$24.00,$9.60 per 100mL,https://foodlandbalaklava.com.au//lines/fudge-s-poo-clean-blonde-250ml
Foodland Balaklava,2025-05-04 23:57:45,Fussy Cat Luxe Chicken And Freeze Dried Lamb,750g,N/A,$14.70,$1.96 per 100g,https://foodlandbalaklava.com.au//lines/fussy-cat-luxe-chkn-lmb-750g
Foodland Balaklava,2025-05-04 23:57:45,Fussy Cat Luxe Chicken Shreds In Decadent Gravy,12 x 70g,N/A,$16.80,$2.00 per 100g,https://foodlandbalaklava.com.au//lines/fussy-cat-luxe-chkn-grvy12x70g
Foodland Balaklava,2025-05-04 23:57:45,Fussy Cat Luxe Chicken Shreds In Silky Soup,40g,N/A,$1.60,$4.00 per 100g,https://foodlandbalaklava.com.au//lines/fussy-cat-luxe-soup-chkn-40g
Foodland Balaklava,2025-05-04 23:57:45,Fussy Cat Luxe Salmon And Freeze Dried Lamb,750g,N/A,$14.70,$1.96 per 100g,https://foodlandbalaklava.com.au//lines/fussy-cat-luxe-slmn-lmb-750g
Foodland Balaklava,2025-05-04 23:57:45,Fussy Cat Luxe Tuna Flakes In Silky Soup,40g,N/A,$1.60,$4.00 per 100g,https://foodlandbalaklava.com.au//lines/fussy-cat-luxe-soup-tuna-40g
Foodland Balaklava,2025-05-04 23:57:45,"Fussy Cat™ Grain Free Adult Cat Beef, Kangaroo With Sweet Potato Dry Food",500g,N/A,$6.85,$1.37 per 100g,https://foodlandbalaklava.com.au//lines/vip-fussy-cat-gf-bf-roo-500gm
Foodland Balaklava,2025-05-04 23:57:45,Fussy Cat™ Grain Free Adult Cat Chicken & Oceanfish Dry Food,500g,N/A,$6.85,$1.37 per 100g,https://foodlandbalaklava.com.au//lines/fussy-cat-gf-chkn-ocnfsh-500gm
Foodland Balaklava,2025-05-04 23:57:45,Fussy Cat™ Grain Free Adult Cat Chicken & Turkey With Cranberry Dry Food,500g,N/A,$6.85,$1.37 per 100g,https://foodlandbalaklava.com.au//lines/vip-fussy-cat-gf-chk-tur-500gm
Foodland Balaklava,2025-05-04 23:57:45,"Fussy Cat™ Grain Free Adult Cat Salmon, Whitefish & Olive Oil Dry Food",2.5kg,was $27.85,$23.85,$0.95 per 100g,https://foodlandbalaklava.com.au//lines/fussy-cat-salmon-fish-2-5kg
Foodland Balaklava,2025-05-04 23:57:45,"Fussy Cat™ Grain Free Adult Cat Salmon, Whitefish And Olive Oil Dry Food",500g,N/A,$6.85,$1.37 per 100g,https://foodlandbalaklava.com.au//lines/vip-fussy-cat-gf-sal-fsh-500gm
Foodland Balaklava,2025-05-04 23:57:45,Fussy Cat™ Grain Free Crunchers Chicken Cat Treats,100g,N/A,$4.00,$4.00 per 100g,https://foodlandbalaklava.com.au//lines/fussy-cat-crunchr-chic-100gm
Foodland Balaklava,2025-05-04 23:57:45,Fussy Cat™ Grain Free Crunchers With Fish Cat Treats,100g,N/A,$4.00,$4.00 per 100g,https://foodlandbalaklava.com.au//lines/fussy-cat-crunchr-fish-100gm
Foodland Balaklava,2025-05-04 23:57:45,Fussy Cat™ Grain Free Twice As Tasty Adult Cat Mince & Morsels Wet Food,12.8g,was $14.20,$11.00,$1.15 per 100g,https://foodlandbalaklava.com.au//lines/fussy-cat-tat-mnce-mrsl12x80gm
Foodland Balaklava,2025-05-04 23:57:45,Fyna 2 Metres Of Licorice Bag,240g,N/A,$4.25,$1.77 per 100g,https://foodlandbalaklava.com.au//lines/fyna-2-metre-licorice-240g
Foodland Balaklava,2025-05-04 23:57:45,Fyna Big Boss Caramel,125g,N/A,$2.50,$2.00 per 100g,https://foodlandbalaklava.com.au//lines/fyna-big-boss-caramel-125g
Foodland Balaklava,2025-05-04 23:57:45,Fyna Fads Fun Sticks 6pk,90g,N/A,$3.90,$4.33 per 100g,https://foodlandbalaklava.com.au//lines/fads-funsticks-6pk-90g
Foodland Balaklava,2025-05-04 23:57:45,Fyna Milk Chocolate Licorice Bullet,250g,N/A,$5.00,$2.00 per 100g,https://foodlandbalaklava.com.au//lines/fyna-milk-choc-lic-bullets-250g
Foodland Balaklava,2025-05-04 23:57:45,Fyna Wizz Fizz Original Sherbet 8pk,N/A,N/A,$3.95,$3.95 per 100g,https://foodlandbalaklava.com.au//lines/wizz-fizz-sherbet-orig-8pk
Foodland Balaklava,2025-05-04 23:57:45,G Fresh Basil Leaves,30g,N/A,$4.20,$0.47 per 10g,https://foodlandbalaklava.com.au//lines/gfresh-basil-leaves-30gm
Foodland Balaklava,2025-05-04 23:57:45,G Fresh Popcorn Salt,200g,N/A,$4.20,$0.47 per 10g,https://foodlandbalaklava.com.au//lines/gfresh-popcorn-salt-gf-200gm
Foodland Balaklava,2025-05-04 23:57:45,G-Fresh 100's & 1000's Sprinkle,100g,was $2.59,$2.05,$2.05 per 100g,https://foodlandbalaklava.com.au//lines/sa-spice-100-1000s-sprinkles-shaker-100g
Foodland Balaklava,2025-05-04 23:57:45,G-Fresh Crushed Pineapple In Natural Juice,440g,N/A,$3.19,$7.25 per kg,https://foodlandbalaklava.com.au//lines/gfresh-p-apple-n-j-crushed-440g
Foodland Balaklava,2025-05-04 23:57:45,G-Fresh Garamassala,60g,N/A,$4.20,$7.00 per 100g,https://foodlandbalaklava.com.au//lines/gfresh-garamassala-60g
Foodland Balaklava,2025-05-04 23:57:45,G-Fresh Ground Coriander,50g,N/A,$4.20,$0.84 per 10g,https://foodlandbalaklava.com.au//lines/gfresh-coriander-ground-50g
Foodland Balaklava,2025-05-04 23:57:45,G-Fresh Lamb Cutlet Seasoning,140g,N/A,$4.20,$0.47 per 10g,https://foodlandbalaklava.com.au//lines/gfresh-lamb-cutlet-season-140gm
Foodland Balaklava,2025-05-04 23:57:45,G-Fresh Sliced Peaches In Syrup,820g,N/A,$5.80,$7.07 per kg,https://foodlandbalaklava.com.au//lines/gfresh-pineapple-slices-440g-1
Foodland Balaklava,2025-05-04 23:57:45,G/​Hlth Bis G/​F Asstd Pk,425g,N/A,$13.80,$3.25 per 100g,https://foodlandbalaklava.com.au//lines/g-hlth-bis-g-f-asstd-pk-425gm
Foodland Balaklava,2025-05-04 23:57:45,G/​North I/​Crm Boysenberry,2L,N/A,$10.50,$0.52 per 100mL,https://foodlandbalaklava.com.au//lines/g-north-i-crm-boysenberry-2l-1
Foodland Balaklava,2025-05-04 23:57:45,G/​North M/​P Twn W/​Choc,5 x 150mL,was $10.00,$8.65,$5.77 per 100mL,https://foodlandbalaklava.com.au//lines/g-north-m-p-twn-w-choc-5-x-150ml
Foodland Balaklava,2025-05-04 23:57:45,G/​North Mp Sour Popz Grape 8s,N/A,N/A,$10.50,$2.28 per 100mL,https://foodlandbalaklava.com.au//lines/g-north-mp-sour-popz-grape-8s
Foodland Balaklava,2025-05-04 23:57:45,G/​North Sour Popz Grape,110mL,was $2.30,$1.75,$1.59 per 100mL,https://foodlandbalaklava.com.au//lines/g-north-sour-popz-grape-110ml
Foodland Balaklava,2025-05-04 23:57:45,G/​North Swing I/​Coff Mlky110ml,N/A,was $2.00,$1.75,$1.59 per 100mL,https://foodlandbalaklava.com.au//lines/g-north-swing-i-coff-mlky110ml
Foodland Balaklava,2025-05-04 23:57:45,G/​North Swings Tubes Choc110ml,N/A,was $2.00,$1.75,$1.59 per 100mL,https://foodlandbalaklava.com.au//lines/g-north-swings-tubes-choc110ml
Foodland Balaklava,2025-05-04 23:57:45,G/​North Swings Tubes Strw110ml,N/A,was $2.00,$1.75,$1.59 per 100mL,https://foodlandbalaklava.com.au//lines/g-north-swings-tubes-strw110ml
Foodland Balaklava,2025-05-04 23:57:45,Gabbys D.​House Stickers 3pks/​C,N/A,N/A,$2.50,N/A,https://foodlandbalaklava.com.au//lines/gabbys-d-house-stickers-3pks-c
Foodland Balaklava,2025-05-04 23:57:45,Garden Fresh Grinder BBQ Seasoning,48g,N/A,$2.80,$5.83 per 100g,https://foodlandbalaklava.com.au//lines/gf-grinder-bbq-seas-pet-48g
Foodland Balaklava,2025-05-04 23:57:45,Gardening Australia Magazine,N/A,N/A,$8.99,N/A,https://foodlandbalaklava.com.au//lines/gardening-australia-magazine
Foodland Balaklava,2025-05-04 23:57:45,Garfish,N/A,N/A,$65.00,N/A,https://foodlandbalaklava.com.au//lines/garfish-1
Foodland Balaklava,2025-05-04 23:57:46,Garnier 10% Vitamin C Brightening Night Serum,30mL,N/A,$40.00,$133.33 per 100mL,https://foodlandbalaklava.com.au//lines/garn-serum-vit-c-night-30ml
Foodland Balaklava,2025-05-04 23:57:46,Garnier Bb Cream All-In-One Perfector Classic Medium Spf 15,50mL,N/A,$17.00,$34.00 per 100mL,https://foodlandbalaklava.com.au//lines/garn-bb-crm-classic-med-50ml
Foodland Balaklava,2025-05-04 23:57:46,"Garnier Fructis Coconut Water Conditioner For Oily Roots, Dry Ends",315mL,N/A,$8.40,$2.67 per 100mL,https://foodlandbalaklava.com.au//lines/fructis-cond-c-nut-wtr-315ml
Foodland Balaklava,2025-05-04 23:57:46,"Garnier Fructis Coconut Water Conditioner For Oily Roots, Dry Ends",850mL,N/A,$17.00,$2.00 per 100mL,https://foodlandbalaklava.com.au//lines/fructis-cond-c-nut-wtr-850ml
Foodland Balaklava,2025-05-04 23:57:46,"Garnier Fructis Coconut Water Shampoo For Oily Roots, Dry Ends",315mL,N/A,$8.40,$2.67 per 100mL,https://foodlandbalaklava.com.au//lines/fructis-s-poo-c-nut-wtr-315ml
Foodland Balaklava,2025-05-04 23:57:46,"Garnier Fructis Coconut Water Shampoo For Oily Roots, Dry Ends",850mL,N/A,$17.00,$2.00 per 100mL,https://foodlandbalaklava.com.au//lines/fructis-s-poo-c-nut-wtr-850ml
Foodland Balaklava,2025-05-04 23:57:46,Garnier Fructis Damage Eraser Keratin 10-In-1 Leave In Treatment Spray,150mL,N/A,$15.00,$10.00 per 100mL,https://foodlandbalaklava.com.au//lines/fructis-keratin-l-1-spry-150ml
Foodland Balaklava,2025-05-04 23:57:46,Garnier Fructis Hair Food Banana Conditioner For Dry Hair,350mL,N/A,$13.65,$3.90 per 100mL,https://foodlandbalaklava.com.au//lines/fructis-cond-h-food-ban-350ml
Foodland Balaklava,2025-05-04 23:57:46,Garnier Fructis Hair Food Nourishing Banana Multi Use Treatment For Dry Hair,390mL,was $15.75,$10.30,$2.64 per 100mL,https://foodlandbalaklava.com.au//lines/fructis-hair-fd-banana-390ml
Foodland Balaklava,2025-05-04 23:57:46,Garnier Fructis Normal Strength & Shine Conditioner For Normal Hair,315mL,N/A,$8.40,$2.67 per 100mL,https://foodlandbalaklava.com.au//lines/fructis-cond-normal-315ml
Foodland Balaklava,2025-05-04 23:57:46,Garnier Fructis Normal Strength & Shine Conditioner For Normal Hair,850mL,N/A,$17.00,$2.00 per 100mL,https://foodlandbalaklava.com.au//lines/fructis-cond-normal-850ml
Foodland Balaklava,2025-05-04 23:57:46,Garnier Fructis Normal Strength & Shine Shampoo For Normal Hair,315mL,N/A,$8.40,$2.67 per 100mL,https://foodlandbalaklava.com.au//lines/fructis-s-poo-normal-315ml
Foodland Balaklava,2025-05-04 23:57:46,Garnier Fructis Normal Strength & Shine Shampoo For Normal Hair,850mL,N/A,$17.00,$2.00 per 100mL,https://foodlandbalaklava.com.au//lines/fructis-s-poo-normal-850ml
Foodland Balaklava,2025-05-04 23:57:46,Garnier Fructis Nutri-Repair 3 Conditioner For Dry Hair,315mL,N/A,$8.40,$2.67 per 100mL,https://foodlandbalaklava.com.au//lines/fructis-cond-nutrirep-3-315ml
Foodland Balaklava,2025-05-04 23:57:46,Garnier Fructis Nutri-Repair 3 Shampoo For Dry Hair,315mL,N/A,$8.40,$2.67 per 100mL,https://foodlandbalaklava.com.au//lines/fructis-s-poo-nutrirep-3-315ml
Foodland Balaklava,2025-05-04 23:57:46,Garnier Hyaluronic Aloe Hydrating Micellar Cleansing Water,400mL,N/A,$18.00,$4.50 per 100mL,https://foodlandbalaklava.com.au//lines/garn-micellar-wtr-hy-alo-400ml
Foodland Balaklava,2025-05-04 23:57:46,Garnier Hydra Bomb Hyaluronic Acid + Pomegranate Sheet Mask,28g,N/A,$8.05,$28.75 per 100g,https://foodlandbalaklava.com.au//lines/garn-mask-hydbmb-tiss-pgr-28gm
Foodland Balaklava,2025-05-04 23:57:46,Garnier Micellar Vitamin C Cleansing Water,400mL,N/A,$18.00,$4.50 per 100mL,https://foodlandbalaklava.com.au//lines/garn-micellar-wtr-vit-c-400ml
Foodland Balaklava,2025-05-04 23:57:46,"Garnier Olia 7.​0 Dark Blonde Permanent Hair Colour No Ammonia, 60% Oils",N/A,N/A,$23.10,N/A,https://foodlandbalaklava.com.au//lines/garn-olia-dark-blonde-7-0-1
Foodland Balaklava,2025-05-04 23:57:46,"Garnier Pure Active 3 In 1 Wash, Scrub & Mask",150mL,N/A,$14.20,$9.47 per 100mL,https://foodlandbalaklava.com.au//lines/garn-pure-cleansing-3in1-150ml
Foodland Balaklava,2025-05-04 23:57:46,Garnier Pure Active Daily Pore Scrub Wash,150mL,N/A,$14.20,$9.47 per 100mL,https://foodlandbalaklava.com.au//lines/garn-pure-deep-pore-wash-150ml
Foodland Balaklava,2025-05-04 23:57:46,Garnier Skinactive Micellar Cleansing Water For All Skin Types,125mL,N/A,$8.95,$7.16 per 100mL,https://foodlandbalaklava.com.au//lines/garn-micellar-solution-125ml
Foodland Balaklava,2025-05-04 23:57:46,Garnier Skinactive Micellar Cleansing Water For All Skin Types,400mL,N/A,$17.85,$4.46 per 100mL,https://foodlandbalaklava.com.au//lines/garn-clnsr-micellar-400ml
Foodland Balaklava,2025-05-04 23:57:46,Garnier Triple Nutrition Marvelous Oil Hair Elixir,150mL,N/A,$14.70,$9.80 per 100mL,https://foodlandbalaklava.com.au//lines/fructis-oil-marvelous-150ml
Foodland Balaklava,2025-05-04 23:57:46,Garnier Vitamin C Brightening Serum,30mL,N/A,$38.85,$129.50 per 100mL,https://foodlandbalaklava.com.au//lines/garn-skn-act-serum-vit-c-30ml
Foodland Balaklava,2025-05-04 23:57:46,Gastro-Stop Plus Chewable Tablets X 6,N/A,was $10.50,$9.00,$1.50 Each,https://foodlandbalaklava.com.au//lines/gastrostop-loprmide-chw-tab-6s
Foodland Balaklava,2025-05-04 23:57:46,Gatorade Fast Twitch Energy Drink Strawberry Lemonade Bottle,350mL,was $4.40,$2.25,$6.43 per L,https://foodlandbalaklava.com.au//lines/gatorade-f-t-sbry-lmnade-350ml
Foodland Balaklava,2025-05-04 23:57:46,Gatorade Fast Twitch Energy Drinks Cool Blue Bottle,350mL,was $4.40,$2.25,$6.43 per L,https://foodlandbalaklava.com.au//lines/gatorade-f-t-cool-blue-350ml
Foodland Balaklava,2025-05-04 23:57:46,Gatorade Fast Twitch Energy Drinks Grape Bottle,350mL,was $4.40,$2.25,$6.43 per L,https://foodlandbalaklava.com.au//lines/gatorade-f-t-grape-350ml
Foodland Balaklava,2025-05-04 23:57:46,Gatorade G Active Electrolyte Water Sports Drink Peach Bottle,600mL,N/A,$4.40,$7.33 per L,https://foodlandbalaklava.com.au//lines/gatorade-g-activ-peach-600ml
Foodland Balaklava,2025-05-04 23:57:46,Gatorade Powder Sports Drinks Lemon Lime Electrolyte Hydration Tub,560g,N/A,$15.25,$27.23 per kg,https://foodlandbalaklava.com.au//lines/gatorade-lemon-lime-pwdr-560gm
Foodland Balaklava,2025-05-04 23:57:46,Gatorade Sports Drinks Blue Bolt Electrolyte Hydration Bottle,1L,was $4.75,$4.00,$4.00 per L,https://foodlandbalaklava.com.au//lines/gatorade-blue-bolt-1l
Foodland Balaklava,2025-05-04 23:57:46,Gatorade Sports Drinks Blue Bolt Electrolyte Hydration Bottle,600mL,was $4.40,$2.20,$3.67 per L,https://foodlandbalaklava.com.au//lines/gatorade-blue-bolt-600ml
Foodland Balaklava,2025-05-04 23:57:46,Gatorade Sports Drinks Grape Electrolyte Hydration Bottle,1L,was $4.75,$4.00,$4.00 per L,https://foodlandbalaklava.com.au//lines/gatorade-grape-1l
Foodland Balaklava,2025-05-04 23:57:46,Gatorade Sports Drinks Grape Electrolyte Hydration Bottle,600mL,was $4.40,$2.20,$3.67 per L,https://foodlandbalaklava.com.au//lines/gatorade-fierce-grape-600ml
Foodland Balaklava,2025-05-04 23:57:46,Gatorade Sports Drinks Lemon Lime Electrolyte Hydration Bottle,600mL,was $4.40,$2.20,$3.67 per L,https://foodlandbalaklava.com.au//lines/gatorade-lemon-lime-600ml
Foodland Balaklava,2025-05-04 23:57:46,Gatorade Sports Drinks Orange Ice Electrolyte Hydration Bottle,600mL,was $4.40,$2.20,$3.67 per L,https://foodlandbalaklava.com.au//lines/gatorade-orange-ice-600ml
Foodland Balaklava,2025-05-04 23:57:46,Gatorade Sports Drinks Tropical Electrolyte Hydration Bottle,600mL,was $4.40,$2.20,$3.67 per L,https://foodlandbalaklava.com.au//lines/gatorade-tropical-fruit-600ml
Foodland Balaklava,2025-05-04 23:57:46,Gaviscon Chewing Gum Heartburn And Indigestion Relief Cool Mint Flavour 10 Pack,N/A,N/A,$5.80,$0.58 Each,https://foodlandbalaklava.com.au//lines/gaviscon-gum-alk-rem-mint-10s
Foodland Balaklava,2025-05-04 23:57:46,Gaviscon Dual Action Liquid Peppermint,300mL,N/A,$14.70,$4.90 per 100mL,https://foodlandbalaklava.com.au//lines/gaviscon-dual-act-p-mnt-300ml
Foodland Balaklava,2025-05-04 23:57:46,Gaviscon Dual Action Liquid Peppermint,500mL,N/A,$19.35,$3.87 per 100mL,https://foodlandbalaklava.com.au//lines/gaviscon-dual-act-p-mnt-500ml
Foodland Balaklava,2025-05-04 23:57:46,Gaviscon Dual Action Mixed Berry 16 Pack,N/A,was $8.40,$8.00,$0.50 Each,https://foodlandbalaklava.com.au//lines/gaviscon-dual-act-tab-berry16s
Foodland Balaklava,2025-05-04 23:57:46,Gaviscon Dual Action Peppermint 32 Pack,N/A,N/A,$15.25,$0.48 Each,https://foodlandbalaklava.com.au//lines/gaviscon-tab-p-mnt-dual-act32s
Foodland Balaklava,2025-05-04 23:57:46,Gaviscon Dual Action Peppermint 48 Pack,N/A,N/A,$18.00,$0.38 Each,https://foodlandbalaklava.com.au//lines/gaviscon-dual-action-tabs-48s
Foodland Balaklava,2025-05-04 23:57:46,Gaviscon Extra Strength Liquid Heartburn And Indigestion Relief Aniseed,300mL,N/A,$20.00,$6.67 per 100mL,https://foodlandbalaklava.com.au//lines/gaviscon-x-strngth-anised300ml
Foodland Balaklava,2025-05-04 23:57:46,Gawler South Bakery Apple Fruit Plait,480g,N/A,$6.99,$1.46 per 100g,https://foodlandbalaklava.com.au//lines/gsb-apple-fruit-plait-480g
Foodland Balaklava,2025-05-04 23:57:46,Gawler South Bakery Apple Plate,N/A,N/A,$12.00,N/A,https://foodlandbalaklava.com.au//lines/gsb-apple-plate
Foodland Balaklava,2025-05-04 23:57:46,Gawler South Bakery Apricot Plate,N/A,N/A,$12.00,N/A,https://foodlandbalaklava.com.au//lines/gsb-apricot-plate
Foodland Balaklava,2025-05-04 23:57:47,Gawler South Bakery Bacon Oniom Capsicum Quiche,750g,N/A,$18.00,$2.40 per 100g,https://foodlandbalaklava.com.au//lines/gsb-bacon-onion-capsicum-quiche-750g
Foodland Balaklava,2025-05-04 23:57:47,Gawler South Bakery Coffee Eclair,170g,N/A,$4.90,$2.88 per 100g,https://foodlandbalaklava.com.au//lines/gsb-coffee-eclair-170g
Foodland Balaklava,2025-05-04 23:57:47,Gawler South Bakery Honey Log,N/A,N/A,$6.80,$2.27 per 100g,https://foodlandbalaklava.com.au//lines/gsb-honey-log
Foodland Balaklava,2025-05-04 23:57:47,Gawler South Bakery Honey Stick,N/A,N/A,$4.29,N/A,https://foodlandbalaklava.com.au//lines/gsb-honey-stick
Foodland Balaklava,2025-05-04 23:57:47,Gawler South Bakery Pastie Plate,850g,N/A,$11.50,$1.35 per 100g,https://foodlandbalaklava.com.au//lines/gsb-pastie-plate-850g
Foodland Balaklava,2025-05-04 23:57:47,Gawler South Bakery Raspberry Cheesecake120g,N/A,N/A,$4.19,$3.49 per 100g,https://foodlandbalaklava.com.au//lines/gsb-raspberry-cheesecake120g
Foodland Balaklava,2025-05-04 23:57:47,Gawler South Bakery Sprinkle Donut,115g,N/A,$4.00,$3.48 per 100g,https://foodlandbalaklava.com.au//lines/gsb-sprinkle-donut-115g
Foodland Balaklava,2025-05-04 23:57:47,Gawler South Bakery Strawberry Cheesecake,120g,N/A,$4.60,$3.83 per 100g,https://foodlandbalaklava.com.au//lines/gsb-strawberry-cheesecake120g
Foodland Balaklava,2025-05-04 23:57:47,Gc's H/​Sty Hot Pick Onions,500g,N/A,$10.00,$2.00 per 100g,https://foodlandbalaklava.com.au//lines/gc-s-h-sty-hot-pick-onions500g
Foodland Balaklava,2025-05-04 23:57:47,Gc's H/​Sty Pick Onions,500g,N/A,$9.00,$1.80 per 100g,https://foodlandbalaklava.com.au//lines/gc-s-h-sty-pick-onions500g
Foodland Balaklava,2025-05-04 23:57:47,Genius Gluten Free Spicy Fruit Loaf,400g,N/A,$6.99,$1.31 per 100g,https://foodlandbalaklava.com.au//lines/genius-fruit-loaf-gf-535g
Foodland Balaklava,2025-05-04 23:57:47,George Weston Foods Yumi's Capsicum & Roasted Cashew Dip Dairy & Gluten Free,200g,N/A,$4.00,$2.00 per 100g,https://foodlandbalaklava.com.au//lines/yumi-s-capsicum-rst-cashew-dip-200g
Foodland Balaklava,2025-05-04 23:57:47,George Weston Foods Yumi's Traditional Hommus Dip Dairy & Gluten Free,200g,N/A,$4.00,$2.00 per 100g,https://foodlandbalaklava.com.au//lines/yumi-s-hommus-dip-200g
Foodland Balaklava,2025-05-04 23:57:47,Gf Popcorn Spr Ched Cheese,70g,N/A,$4.50,$6.43 per 100g,https://foodlandbalaklava.com.au//lines/gf-popcorn-spr-ched-cheese-70g
Foodland Balaklava,2025-05-04 23:57:47,Gf Popcorn Spr Chs & Chive,67g,N/A,$4.50,$6.72 per 100g,https://foodlandbalaklava.com.au//lines/gf-popcorn-spr-chs-chive-67g
Foodland Balaklava,2025-05-04 23:57:47,Gf Popcorn Spr Nacho Cheese,95g,N/A,$4.50,$4.74 per 100g,https://foodlandbalaklava.com.au//lines/gf-popcorn-spr-nacho-cheese-95g
Foodland Balaklava,2025-05-04 23:57:47,Gf Popcorn Spr Orig Butter,91g,N/A,$4.50,$4.95 per 100g,https://foodlandbalaklava.com.au//lines/gf-popcorn-spr-orig-butter-91g
Foodland Balaklava,2025-05-04 23:57:47,Gf Popcorn Spr Salt Vinegar,73g,N/A,$4.50,$6.16 per 100g,https://foodlandbalaklava.com.au//lines/gf-popcorn-spr-salt-vinegar-73g
Foodland Balaklava,2025-05-04 23:57:47,Gf Popcorn Spr Sltd Caramel,64g,N/A,$4.50,$7.03 per 100g,https://foodlandbalaklava.com.au//lines/gf-popcorn-spr-sltd-caramel-64g
Foodland Balaklava,2025-05-04 23:57:47,Gfresh Allspice Ground,80g,N/A,$4.20,$0.47 per 10g,https://foodlandbalaklava.com.au//lines/gfresh-allspice-ground-80gm
Foodland Balaklava,2025-05-04 23:57:47,Gfresh Caraway Seeds,90g,N/A,$4.20,$0.47 per 10g,https://foodlandbalaklava.com.au//lines/gfresh-caraway-seeds-90gm
Foodland Balaklava,2025-05-04 23:57:47,Gfresh Cayenne Pepper,80g,N/A,$4.20,$0.47 per 10g,https://foodlandbalaklava.com.au//lines/gfresh-cayenne-pepper-80gm
Foodland Balaklava,2025-05-04 23:57:47,Gfresh Chicken Season,130g,N/A,$4.20,$0.47 per 10g,https://foodlandbalaklava.com.au//lines/gfresh-chicken-season-130gm
Foodland Balaklava,2025-05-04 23:57:47,Gfresh Chillies Ground Hot,80g,N/A,$4.20,$0.47 per 10g,https://foodlandbalaklava.com.au//lines/gfresh-chilli-powder-80gm
Foodland Balaklava,2025-05-04 23:57:47,Gfresh Chinese Five Spice,80g,N/A,$4.20,$0.47 per 10g,https://foodlandbalaklava.com.au//lines/gfresh-chinese-five-spice-80gm
Foodland Balaklava,2025-05-04 23:57:47,Gfresh Chives Air Dried,10g,N/A,$4.20,$2.80 per 10g,https://foodlandbalaklava.com.au//lines/gfresh-chives-air-dried-10gm
Foodland Balaklava,2025-05-04 23:57:47,Gfresh Cinnamon Sugar,160g,N/A,$4.20,$0.47 per 10g,https://foodlandbalaklava.com.au//lines/gfresh-cinnamon-sugar-160gm
Foodland Balaklava,2025-05-04 23:57:47,Gfresh Cloves Ground,80g,N/A,$4.20,$0.47 per 10g,https://foodlandbalaklava.com.au//lines/gfresh-cloves-ground-80gm
Foodland Balaklava,2025-05-04 23:57:47,Gfresh Cloves Whole,50g,N/A,$4.20,$0.47 per 10g,https://foodlandbalaklava.com.au//lines/gfresh-cloves-whole-50gm
Foodland Balaklava,2025-05-04 23:57:47,Gfresh Coriander Leaves,15g,N/A,$4.20,$2.80 per 10g,https://foodlandbalaklava.com.au//lines/gfresh-coriander-leaves-15gm
Foodland Balaklava,2025-05-04 23:57:47,Gfresh Coriander Seeds,45g,N/A,$4.20,$0.47 per 10g,https://foodlandbalaklava.com.au//lines/gfresh-coriander-seeds-45gm
Foodland Balaklava,2025-05-04 23:57:47,Gfresh Cumin Seeds,80g,N/A,$4.20,$0.47 per 10g,https://foodlandbalaklava.com.au//lines/gfresh-cumin-seeds-80gm
Foodland Balaklava,2025-05-04 23:57:47,Gfresh Dill Tops Green,25g,N/A,$4.20,$0.47 per 10g,https://foodlandbalaklava.com.au//lines/gfresh-dill-top-25gm
Foodland Balaklava,2025-05-04 23:57:47,Gfresh Fennel Seeds,80g,N/A,$4.20,$0.47 per 10g,https://foodlandbalaklava.com.au//lines/gfresh-fennel-seeds-80gm
Foodland Balaklava,2025-05-04 23:57:47,Gfresh Fish Seasoning,120g,N/A,$4.20,$0.47 per 10g,https://foodlandbalaklava.com.au//lines/gfresh-fish-seasoning-120gm
Foodland Balaklava,2025-05-04 23:57:47,Gfresh Garlic Salt,160g,N/A,$4.20,$0.47 per 10g,https://foodlandbalaklava.com.au//lines/gfresh-garlic-salt-160gm
Foodland Balaklava,2025-05-04 23:57:47,Gfresh Garlic Steak,110g,N/A,$4.20,$0.47 per 10g,https://foodlandbalaklava.com.au//lines/gfresh-garlic-steak-110gm
Foodland Balaklava,2025-05-04 23:57:47,Gfresh Gravy Roast Meat Mix,150g,N/A,$4.19,$2.79 per 100g,https://foodlandbalaklava.com.au//lines/gfresh-gravy-roast-meat-mix-150g
Foodland Balaklava,2025-05-04 23:57:47,Gfresh Gravy Traditional,150g,N/A,$4.19,$2.79 per 100g,https://foodlandbalaklava.com.au//lines/gfresh-trad-gravy-mix-150g
Foodland Balaklava,2025-05-04 23:57:47,Gfresh Herb Medley Season,90g,N/A,$4.20,$0.47 per 10g,https://foodlandbalaklava.com.au//lines/gfresh-herb-medley-season-90gm
Foodland Balaklava,2025-05-04 23:57:47,Gfresh Hot Chillies Crushed,60g,N/A,$4.20,$0.47 per 10g,https://foodlandbalaklava.com.au//lines/gfresh-chillis-crushed-hot60gm
Foodland Balaklava,2025-05-04 23:57:47,Gfresh Italian Seasoning,65g,N/A,$4.20,$0.47 per 10g,https://foodlandbalaklava.com.au//lines/gfresh-italian-seasoning-65gm
Foodland Balaklava,2025-05-04 23:57:47,Gfresh Lamb & Mint Seasoning,70g,N/A,$4.20,$0.47 per 10g,https://foodlandbalaklava.com.au//lines/gfresh-lamb-mint-seasoning70gm
Foodland Balaklava,2025-05-04 23:57:47,Gfresh Lemon Thyme & Basil,120g,N/A,$4.20,$0.47 per 10g,https://foodlandbalaklava.com.au//lines/gfresh-lemon-thyme-basil-120gm
Foodland Balaklava,2025-05-04 23:57:47,Gfresh Mint Leaves,25g,N/A,$4.20,$0.47 per 10g,https://foodlandbalaklava.com.au//lines/gfresh-mint-leaves-25gm
Foodland Balaklava,2025-05-04 23:57:47,Gfresh Moroccan Spice,95g,N/A,$4.20,$0.47 per 10g,https://foodlandbalaklava.com.au//lines/gfresh-moroccan-spice-95gm
Foodland Balaklava,2025-05-04 23:57:47,Gfresh Mustard Ground,80g,N/A,$4.20,$0.47 per 10g,https://foodlandbalaklava.com.au//lines/gfresh-mustard-ground-80gm
Foodland Balaklava,2025-05-04 23:57:47,Gfresh Paprika Hot,80g,N/A,$4.20,$0.47 per 10g,https://foodlandbalaklava.com.au//lines/gfresh-paprika-hot-80gm
Foodland Balaklava,2025-05-04 23:57:48,Gfresh Pepper Steak Seas,120g,N/A,$4.20,$0.47 per 10g,https://foodlandbalaklava.com.au//lines/gfresh-pepper-steak-seas-120gm
Foodland Balaklava,2025-05-04 23:57:48,Gfresh Poppy Seeds,110g,N/A,$4.20,$0.38 per 10g,https://foodlandbalaklava.com.au//lines/gfresh-poppy-seeds-120gm
Foodland Balaklava,2025-05-04 23:57:48,Gfresh Salt&​Pepper Calmri120gm,N/A,N/A,$4.20,$3.50 per 100g,https://foodlandbalaklava.com.au//lines/gfresh-salt-pepper-calmri120gm
Foodland Balaklava,2025-05-04 23:57:48,Gfresh Seasoning Mediterranean,140g,N/A,$4.20,$0.47 per 10g,https://foodlandbalaklava.com.au//lines/gfresh-med-seas-g-msg-fr-140gm
Foodland Balaklava,2025-05-04 23:57:48,Gfresh Slow BBQ Beef Rib Rub,195g,N/A,$6.20,$3.18 per 100g,https://foodlandbalaklava.com.au//lines/gfresh-slow-bbq-beef-rib-rub-195g
Foodland Balaklava,2025-05-04 23:57:48,Gfresh Spag Bolognese Seas,75g,N/A,$4.20,$0.47 per 10g,https://foodlandbalaklava.com.au//lines/gfresh-season-bolognese-75gm
Foodland Balaklava,2025-05-04 23:57:48,Gfresh Stock Powder Beef,150g,N/A,$4.00,$2.67 per 100g,https://foodlandbalaklava.com.au//lines/gfresh-stock-powder-beef-150g
Foodland Balaklava,2025-05-04 23:57:48,Gfresh Stock Powder Chicken,150g,N/A,$4.00,$2.86 per 100g,https://foodlandbalaklava.com.au//lines/gfresh-stock-powder-chicken-140g
Foodland Balaklava,2025-05-04 23:57:48,Gfresh Stock Powder Vegetable,180g,N/A,$4.00,$2.22 per 100g,https://foodlandbalaklava.com.au//lines/gfresh-stock-powder-vegetable-180g
Foodland Balaklava,2025-05-04 23:57:48,Gfresh Tarragon Leaves,20g,N/A,$4.20,$0.47 per 10g,https://foodlandbalaklava.com.au//lines/gfresh-tarragon-leaves-20gm
Foodland Balaklava,2025-05-04 23:57:48,Gfresh Yiros Seasoning,150g,N/A,$4.20,$0.47 per 10g,https://foodlandbalaklava.com.au//lines/gfresh-seasoning-yeeros-150gm
Foodland Balaklava,2025-05-04 23:57:48,Ghost Energy Blue Rasp,500mL,N/A,$6.50,$1.30 per 100mL,https://foodlandbalaklava.com.au//lines/ghost-energy-blue-rasp-500ml
Foodland Balaklava,2025-05-04 23:57:48,Ghost Energy Orig Lem/​Lime,500mL,N/A,$6.50,$1.30 per 100mL,https://foodlandbalaklava.com.au//lines/ghost-energy-orig-lem-lime-500ml
Foodland Balaklava,2025-05-04 23:57:48,Ghost Energy Sour Apple,500mL,N/A,$6.50,$1.30 per 100mL,https://foodlandbalaklava.com.au//lines/ghost-energy-sour-apple-500ml
Foodland Balaklava,2025-05-04 23:57:48,Ghost Energy Zero Sugar Warheads Sour Watermelon,500mL,N/A,$6.50,$1.30 per 100mL,https://foodlandbalaklava.com.au//lines/ghost-energy-sour-w-melon-500ml
Foodland Balaklava,2025-05-04 23:57:48,Ghost Zero Sugar Energy Fizzy Orange,500mL,N/A,$6.50,$1.30 per 100mL,https://foodlandbalaklava.com.au//lines/ghost-energy-fizzy-orange-500ml
Foodland Balaklava,2025-05-04 23:57:48,Gift Bag $​4.​95,N/A,N/A,$4.95,N/A,https://foodlandbalaklava.com.au//lines/gift-bag-4-95-1
Foodland Balaklava,2025-05-04 23:57:48,Gift Bag Bluey Large $​6.​99,N/A,N/A,$6.99,N/A,https://foodlandbalaklava.com.au//lines/gift-bag-bluey-large-6-99
Foodland Balaklava,2025-05-04 23:57:48,Gift Bag Bluey Medium $​5.​99,N/A,N/A,$5.99,N/A,https://foodlandbalaklava.com.au//lines/gift-bag-bluey-medium-5-99
Foodland Balaklava,2025-05-04 23:57:48,Gift Bag Ditzy Heart Lrg $​7.​99,N/A,N/A,$7.99,N/A,https://foodlandbalaklava.com.au//lines/gift-bag-ditzy-heart-lrg-7-99
Foodland Balaklava,2025-05-04 23:57:48,Gift Bag Gold Circle $​4.​99,N/A,N/A,$5.99,N/A,https://foodlandbalaklava.com.au//lines/gift-bag-gold-circle-4-99-1
Foodland Balaklava,2025-05-04 23:57:48,Gift Bag Gold Lge $​4.​99,N/A,N/A,$4.99,N/A,https://foodlandbalaklava.com.au//lines/gift-bag-gold-lge-4-99
Foodland Balaklava,2025-05-04 23:57:48,Gift Bag Gold Med $​3.​99,N/A,N/A,$3.99,N/A,https://foodlandbalaklava.com.au//lines/gift-bag-gold-med-3-99
Foodland Balaklava,2025-05-04 23:57:48,Gift Bag Great Minds $​4.​99,N/A,N/A,$4.99,N/A,https://foodlandbalaklava.com.au//lines/gift-bag-great-minds-4-99
Foodland Balaklava,2025-05-04 23:57:48,Gift Bag Lge Rose Gold $​5.​99,N/A,N/A,$5.99,N/A,https://foodlandbalaklava.com.au//lines/gift-bag-lge-rose-gold-5-99
Foodland Balaklava,2025-05-04 23:57:48,Gift Bag Med Blue Star $​4.​99,N/A,N/A,$4.99,N/A,https://foodlandbalaklava.com.au//lines/gift-bag-med-blue-star-4-99
Foodland Balaklava,2025-05-04 23:57:48,Gift Bag Med Gold Circle $​4.​99,N/A,N/A,$4.99,N/A,https://foodlandbalaklava.com.au//lines/gift-bag-med-gold-circle-4-99-1
Foodland Balaklava,2025-05-04 23:57:48,Gift Bag Med Rose Gold $​4.​99,N/A,N/A,$4.99,N/A,https://foodlandbalaklava.com.au//lines/gift-bag-med-rose-gold-4-99
Foodland Balaklava,2025-05-04 23:57:48,Gift Bag Plain Slvr Lrg $​4.​25,N/A,N/A,$3.99,N/A,https://foodlandbalaklava.com.au//lines/gift-bag-plain-slvr-lrg-4-25
Foodland Balaklava,2025-05-04 23:57:48,Gift Bag Silver Med $​3.​99,N/A,N/A,$3.99,N/A,https://foodlandbalaklava.com.au//lines/gift-bag-silver-med-3-99
Foodland Balaklava,2025-05-04 23:57:48,Gift Wrap $​3.​50,N/A,N/A,$3.50,N/A,https://foodlandbalaklava.com.au//lines/gift-wrap-3-50
Foodland Balaklava,2025-05-04 23:57:48,Gift Wrap All About $​5.​99,N/A,N/A,$5.99,N/A,https://foodlandbalaklava.com.au//lines/gift-wrap-all-about-5-99
Foodland Balaklava,2025-05-04 23:57:48,Gift Wrap Denim Stripes $​4.​95,N/A,N/A,$4.95,N/A,https://foodlandbalaklava.com.au//lines/gift-wrap-denim-stripes-4-95
Foodland Balaklava,2025-05-04 23:57:48,"Gillette Blue3 Disposable Razor 4s, Shave Care",N/A,N/A,$7.35,$1.84 Each,https://foodlandbalaklava.com.au//lines/gill-blue-iii-disposable-4pk
Foodland Balaklava,2025-05-04 23:57:48,"Gillette Blue3 Smooth Male Disposable Razor 8 Pcs, Shave Care",N/A,N/A,$13.63,$1.70 Each,https://foodlandbalaklava.com.au//lines/gill-blue-iii-disposable-8pk
Foodland Balaklava,2025-05-04 23:57:48,"Gillette Blueii Plus Disposable Razor 5 Count, Shave Care",N/A,N/A,$7.35,$1.47 Each,https://foodlandbalaklava.com.au//lines/gill-blu-2-plus-pivot-slalom-5
Foodland Balaklava,2025-05-04 23:57:48,Gillette Blueii Plus Pivot 10 Count + 1 Free Gillette Sensor 3 Comfort Disposable Razors,N/A,N/A,$12.60,$1.15 Each,https://foodlandbalaklava.com.au//lines/gill-blue-2-disp-rzr-10-1s
Foodland Balaklava,2025-05-04 23:57:48,Gillette Fusion Manual Men's Razor Handle + 2 Razor Blade Refills / Cartridges,N/A,N/A,$22.60,N/A,https://foodlandbalaklava.com.au//lines/gill-fusion-rzr-manual-2up-1pk
Foodland Balaklava,2025-05-04 23:57:48,"Gillette Fusion Proglide Manual Razor Blade Refills, Men's, 5 Count, Shave Care 5pk",N/A,N/A,$44.65,$8.93 Each,https://foodlandbalaklava.com.au//lines/gill-p-glde-manual-cart-5pk
Foodland Balaklava,2025-05-04 23:57:48,"Gillette Fusion5 Razor Blade Refills, Men's, 5 Count, Shave Care 5pk",N/A,N/A,$38.35,$7.67 Each,https://foodlandbalaklava.com.au//lines/gill-fusion-cart-manual-5pk
Foodland Balaklava,2025-05-04 23:57:48,"Gillette Labs Men's Razor Blade Refills / Cartridges, 4 Count",N/A,N/A,$42.00,$10.50 Each,https://foodlandbalaklava.com.au//lines/gill-labs-cart-4pk
Foodland Balaklava,2025-05-04 23:57:48,"Gillette Mach3 Turbo Razor 1 Handle + 2 Cartridges, Shave Care",N/A,N/A,$18.90,N/A,https://foodlandbalaklava.com.au//lines/gill-mach-3-trbo-rzr-3d-2up1pk
Foodland Balaklava,2025-05-04 23:57:48,"Gillette Mach3 Turbo Razor Blade Refills For Men, 5 Count 5pk",N/A,N/A,$28.95,$5.79 Each,https://foodlandbalaklava.com.au//lines/gill-mach-3-turbo-cart-5pk
Foodland Balaklava,2025-05-04 23:57:48,"Gillette Mach3+ Razor 1 Handle + 2 Cartridges, Shave Care",N/A,N/A,$15.75,N/A,https://foodlandbalaklava.com.au//lines/gill-mach-3-razor-2up-1pk
Foodland Balaklava,2025-05-04 23:57:48,"Gillette Mach3+ Razor Blade Refills, 5 Count 5pk",N/A,N/A,$22.05,$4.41 Each,https://foodlandbalaklava.com.au//lines/gill-mach-3-cart-5pk
Foodland Balaklava,2025-05-04 23:57:48,"Gillette Men's Shaving Gel For Sensitive Skin With Soothing Aloe Vera,",195g,N/A,$7.90,$4.03 per 100g,https://foodlandbalaklava.com.au//lines/gill-sens-skin-sooth-gel-196gm
Foodland Balaklava,2025-05-04 23:57:48,"Gillette Men's Shaving Gel Refreshing Breeze,",195g,N/A,$7.90,$4.05 per 100g,https://foodlandbalaklava.com.au//lines/gill-shv-gel-ref-breeze-195gm
Foodland Balaklava,2025-05-04 23:57:48,"Gillette Proglide Flexball Razor Handle + 2 Cartridges, Shave Care",N/A,N/A,$29.40,N/A,https://foodlandbalaklava.com.au//lines/gill-fus-p-gld-man-rzr-2up-1pk
Foodland Balaklava,2025-05-04 23:57:49,"Gillette Pure Cool Sensitive Shaving Gel For Men , Shave Care",170g,N/A,$10.50,$6.18 per 100g,https://foodlandbalaklava.com.au//lines/gill-pure-shv-gel-170gm-1
Foodland Balaklava,2025-05-04 23:57:49,"Gillette Refresh Shaving Gel With A Touch Of Menthol , Shave Care",195g,N/A,$7.90,$4.05 per 100g,https://foodlandbalaklava.com.au//lines/gill-shv-gel-cmft-glide-195gm
Foodland Balaklava,2025-05-04 23:57:49,"Gillette Sensor 3 Comfort 4 Disposable Razors, Shave Care",N/A,N/A,$7.90,$1.98 Each,https://foodlandbalaklava.com.au//lines/gill-sensor3-comfrt-disp-4s
Foodland Balaklava,2025-05-04 23:57:49,"Gillette Sensor3 Comfort 8pk Disposable Razors, Shave Care",N/A,N/A,$15.25,$1.91 Each,https://foodlandbalaklava.com.au//lines/gill-sensor3-comfrt-disp-8s
Foodland Balaklava,2025-05-04 23:57:49,Gillette Shaving Foam Lime Fresh,250g,N/A,$6.85,$2.74 per 100g,https://foodlandbalaklava.com.au//lines/gill-shave-crm-foam-lm-lim250g
Foodland Balaklava,2025-05-04 23:57:49,Gillette Solo2 Men's Razor Blade 1 Handle + 20 Razor Blades/​Refills,N/A,N/A,$24.90,$1.24 Each,https://foodlandbalaklava.com.au//lines/gill-solo2-hndl-blades-20s
Foodland Balaklava,2025-05-04 23:57:49,"Gillette Venus Comfortglide White Tea Scent With Gel Bars Women's Razor Blade Refills, 4 Count",N/A,N/A,$24.70,$6.18 Each,https://foodlandbalaklava.com.au//lines/gill-venus-cmftgld-tea-crt-4s
Foodland Balaklava,2025-05-04 23:57:49,"Gillette Venus Comfortglide White Tea Women's Disposable Razor, 2 Count",N/A,N/A,$10.50,$5.25 Each,https://foodlandbalaklava.com.au//lines/gill-venus-spa-brze-disp-2s
Foodland Balaklava,2025-05-04 23:57:49,"Gillette Venus Daisy 2 Disposable Female Razors, 5ct",N/A,N/A,$5.80,$1.16 Each,https://foodlandbalaklava.com.au//lines/gill-daisy-5-disp-clasic-5s
Foodland Balaklava,2025-05-04 23:57:49,"Gillette Venus Daisy 3 Pro Sensitive Disposable Female Razors, 4ct",N/A,N/A,$10.00,$2.50 Each,https://foodlandbalaklava.com.au//lines/gill-venus-disposables-4pk
Foodland Balaklava,2025-05-04 23:57:49,Gillette Venus Extra Smooth Women's Razor Blade Refills 4 Pack,N/A,N/A,$27.30,$6.82 Each,https://foodlandbalaklava.com.au//lines/gill-venus-extra-smth-cart-4s
Foodland Balaklava,2025-05-04 23:57:49,"Gillette Venus Smooth Sensitive Women's Razor Blade Refills, 4 Count",N/A,N/A,$20.50,$5.12 Each,https://foodlandbalaklava.com.au//lines/gill-venus-smooth-sen-cart-4s
Foodland Balaklava,2025-05-04 23:57:49,Gillette Venus Smooth Women Razor 1 Handle And 1 Blade Refill,N/A,N/A,$10.00,N/A,https://foodlandbalaklava.com.au//lines/gill-venus-smooth-rzr-1up-1s
Foodland Balaklava,2025-05-04 23:57:49,"Gillette Venus Smooth Women's Razor Blade Refills, 4 Count",N/A,N/A,$18.40,$4.60 Each,https://foodlandbalaklava.com.au//lines/gill-venus-smooth-cart-4s
Foodland Balaklava,2025-05-04 23:57:49,Gippsland Dairy Blueberry Twist Yoghurt,160g,N/A,$3.00,$1.88 per 100g,https://foodlandbalaklava.com.au//lines/gipsland-yog-blueberry-160g
Foodland Balaklava,2025-05-04 23:57:49,Gippsland Dairy Blueberry Twist Yogurt,700g,N/A,$7.90,$1.13 per 100g,https://foodlandbalaklava.com.au//lines/gipsland-yog-twt-bl-berry-700g
Foodland Balaklava,2025-05-04 23:57:49,Gippsland Dairy Boysenberry Twist Yoghurt,160g,N/A,$3.00,$1.88 per 100g,https://foodlandbalaklava.com.au//lines/gipsland-ygt-twst-bsnberry-160g
Foodland Balaklava,2025-05-04 23:57:49,Gippsland Dairy Mango & Blood Orange Twist Yogurt,700g,N/A,$7.90,$1.13 per 100g,https://foodlandbalaklava.com.au//lines/gipsland-yog-twt-mango-bld-orange-700g
Foodland Balaklava,2025-05-04 23:57:49,Gippsland Dairy Passionfruit Twist Yogurt,160g,N/A,$3.00,$1.88 per 100g,https://foodlandbalaklava.com.au//lines/gipsland-yog-passionfruit-160g
Foodland Balaklava,2025-05-04 23:57:49,Gippsland Dairy Passionfruit Twist Yogurt,700g,N/A,$7.90,$1.13 per 100g,https://foodlandbalaklava.com.au//lines/gipsland-yog-twt-passionfruit-700g
Foodland Balaklava,2025-05-04 23:57:49,Gippsland Dairy Smooth & Creamy Yogurt,700g,N/A,$7.90,$1.13 per 100g,https://foodlandbalaklava.com.au//lines/gipsland-yog-smooth-creamy-700g
Foodland Balaklava,2025-05-04 23:57:49,Gippsland Dairy Twist Mango & Blood Orange Yoghurt,160g,N/A,$3.00,$1.88 per 100g,https://foodlandbalaklava.com.au//lines/gipsland-yog-mango-bld-orn-160g
Foodland Balaklava,2025-05-04 23:57:49,Gippsland Ygt Sbry Wafl,140g,N/A,$4.05,$2.89 per 100g,https://foodlandbalaklava.com.au//lines/gippsland-mix-ins-strawberry-waffle-140g
Foodland Balaklava,2025-05-04 23:57:49,Glad Aluminium Foil cm 30cm,30 x 30m,N/A,$8.20,$0.27 per cm,https://foodlandbalaklava.com.au//lines/glad-foil-30cmx30m
Foodland Balaklava,2025-05-04 23:57:49,Glad Baking Dish Foil Trays 2 Pack 2pk,N/A,N/A,$5.25,$2.62 Each,https://foodlandbalaklava.com.au//lines/glad-baking-dish-2s
Foodland Balaklava,2025-05-04 23:57:49,Glad Bathroom Tidy Drawstring Bags Wild Lavender Small 15 Pack,N/A,was $2.90,$2.50,$0.17 Each,https://foodlandbalaklava.com.au//lines/glad-bathroom-bag-d-string-15s
Foodland Balaklava,2025-05-04 23:57:49,Glad Cling Wrap 150 Metres X 33cm 33cm,N/A,N/A,$11.05,$0.07 per cm,https://foodlandbalaklava.com.au//lines/glad-wrap-33cmx150m
Foodland Balaklava,2025-05-04 23:57:49,Glad Cling Wrap Mini 20,N/A,N/A,$2.65,$0.13 per cm,https://foodlandbalaklava.com.au//lines/glad-wrap-mini-20cmx20m
Foodland Balaklava,2025-05-04 23:57:49,Glad Forceflex Garbage Bag,12 x 56L,N/A,$6.85,$57.08 Units100,https://foodlandbalaklava.com.au//lines/glad-garb-bag-force-flex-12s
Foodland Balaklava,2025-05-04 23:57:49,Glad Garden Bags 3 Extra Large,N/A,N/A,$3.95,$1.32 Each,https://foodlandbalaklava.com.au//lines/glad-bag-garden-3s
Foodland Balaklava,2025-05-04 23:57:49,Glad Oven Bag Regular 5pk 5pk,N/A,N/A,$2.90,$0.58 Each,https://foodlandbalaklava.com.au//lines/glad-oven-bags-5pk
Foodland Balaklava,2025-05-04 23:57:49,Glad Roaster Pan Oval 1 Pack,N/A,N/A,$4.60,N/A,https://foodlandbalaklava.com.au//lines/glad-roaster-pan-oval
Foodland Balaklava,2025-05-04 23:57:49,Glad Snaplock Medium Storage Resealable Bags 15pk 15pk,N/A,N/A,$3.70,$0.25 Each,https://foodlandbalaklava.com.au//lines/glad-bag-s-lock-lunch-15s
Foodland Balaklava,2025-05-04 23:57:49,Glad Snaplock Sandwich Resealable Bags 30pk 30pk,N/A,N/A,$3.60,$0.12 Each,https://foodlandbalaklava.com.au//lines/glad-bag-s-lock-sandwich-30s
Foodland Balaklava,2025-05-04 23:57:49,Glad To Be Green 50% Plant Based Bags Large 25 Pack,N/A,N/A,$5.25,$0.21 Each,https://foodlandbalaklava.com.au//lines/glad-k-tdy-wtop-plnt-bio-lg25s
Foodland Balaklava,2025-05-04 23:57:49,Glad To Be Green 50% Plant Based Bags Medium 30 Pack,N/A,N/A,$5.25,$0.18 Each,https://foodlandbalaklava.com.au//lines/glad-k-tdy-wtop-plnt-bio-md30s
Foodland Balaklava,2025-05-04 23:57:49,Glad To Be Green 50% Plant Based Bags Small 35 Pack,N/A,N/A,$5.25,$0.15 Each,https://foodlandbalaklava.com.au//lines/glad-k-tdy-wtop-plnt-bio-sm35s
Foodland Balaklava,2025-05-04 23:57:49,Glad To Be Green 50% Plant Based Sandwich Bags 40 Pack,N/A,was $4.20,$3.60,$0.09 Each,https://foodlandbalaklava.com.au//lines/glad-bag-s-lock-swch-bio-40s
Foodland Balaklava,2025-05-04 23:57:49,Glad To Be Green Bake Cooking Paper Compostable,15m,was $4.75,$4.10,$0.27 per cm,https://foodlandbalaklava.com.au//lines/glad-bake-cook-paper-br-cmp15m
Foodland Balaklava,2025-05-04 23:57:49,Glad To Be Green Plant Based Snaplock Snack Bags 50 Each,N/A,was $4.20,$3.60,$0.07 Each,https://foodlandbalaklava.com.au//lines/glad-bag-s-lock-snk-bio-50s
Foodland Balaklava,2025-05-04 23:57:49,Glad To Be Green® Compostable Kitchen Caddy Liners Mini 25pk,25 x 8L,N/A,$4.65,$0.19 Each,https://foodlandbalaklava.com.au//lines/glad-bag-kitchen-compst-min25s
Foodland Balaklava,2025-05-04 23:57:49,Glad Tuff Stuff Pine Scented Garbage Bags Extra Wide 20pk 20pk,N/A,N/A,$7.90,$0.40 Each,https://foodlandbalaklava.com.au//lines/glad-garb-bag-tufstuf-roll-20s
Foodland Balaklava,2025-05-04 23:57:49,Glad Wavetop Tie Bags Large 72pk 72pk,N/A,N/A,$9.45,$0.13 Each,https://foodlandbalaklava.com.au//lines/glad-k-tidy-bag-wtop-rl-lge72s
Foodland Balaklava,2025-05-04 23:57:49,Glad Wavetop Tie Bags Medium 72pk 72pk,N/A,N/A,$7.15,$0.10 Each,https://foodlandbalaklava.com.au//lines/glad-k-tidy-bag-wtop-rl-med72s
Foodland Balaklava,2025-05-04 23:57:49,Glad Wavetop Tie Tidy Bags Large,30 x 35L,was $4.75,$3.90,$0.13 Each,https://foodlandbalaklava.com.au//lines/glad-k-tidy-bag-wtop-rl-lge-30
Foodland Balaklava,2025-05-04 23:57:49,Glad Wrap 50% Plant Based Cling Wrap cm,30 x 50m,was $6.30,$5.00,$0.01 per cm,https://foodlandbalaklava.com.au//lines/glad-wrap-biobase-30cmx50m
Foodland Balaklava,2025-05-04 23:57:49,Glad Xl Kitchen Tidy Bags,N/A,N/A,$5.25,$32.81 Units100,https://foodlandbalaklava.com.au//lines/glad-k-tdy-wtop-plnt-bio-xl16s
Foodland Balaklava,2025-05-04 23:57:49,Glade Air Freshener Clean Linen Aerosol,200g,N/A,$4.20,$2.10 per 100g,https://foodlandbalaklava.com.au//lines/glade-aero-a-frsh-cln-lin-200g
Foodland Balaklava,2025-05-04 23:57:50,Glade Air Freshener Floral Whispers Aerosol,200g,N/A,$4.20,$2.10 per 100g,https://foodlandbalaklava.com.au//lines/glade-aero-a-frsh-sprng-200gm
Foodland Balaklava,2025-05-04 23:57:50,Glade Air Freshener Hawaiian Breeze Aerosol,200g,N/A,$4.20,$2.10 per 100g,https://foodlandbalaklava.com.au//lines/glade-aero-a-frsh-hw-brz-200gm
Foodland Balaklava,2025-05-04 23:57:50,Glade Air Freshener Ocean Mist Aerosol,200g,N/A,$4.20,$2.10 per 100g,https://foodlandbalaklava.com.au//lines/glade-aero-a-frsh-oc-mist200gm
Foodland Balaklava,2025-05-04 23:57:50,Glade Air Freshener Sheer Vanilla Embrace Aerosol,200g,N/A,$4.20,$2.10 per 100g,https://foodlandbalaklava.com.au//lines/glade-aero-a-frsh-vanilla-200g
Foodland Balaklava,2025-05-04 23:57:50,Glade Air Freshener Tranquil Lavender Aerosol,200g,N/A,$4.20,$2.10 per 100g,https://foodlandbalaklava.com.au//lines/glade-aero-a-frsh-lav-200gm
Foodland Balaklava,2025-05-04 23:57:50,Glade Candle Air Freshener Sheer Vanilla Embrace,96g,was $8.40,$6.75,N/A,https://foodlandbalaklava.com.au//lines/glade-candle-van-embrace-1pk
Foodland Balaklava,2025-05-04 23:57:50,Glade Candle Angel Whispers,96g,was $8.40,$6.75,N/A,https://foodlandbalaklava.com.au//lines/glade-candle-angl-whsprs-1pk-2
Foodland Balaklava,2025-05-04 23:57:50,Glade Candle Energize 2 In 1 Vanilla Passion Fruit + Hawaiian Breeze,192g,N/A,$12.60,$6.56 per 100g,https://foodlandbalaklava.com.au//lines/glade-candle-twin-hawaii-192gm
Foodland Balaklava,2025-05-04 23:57:50,Glade Deodoriser Gel Clean Linen,70g,N/A,$3.15,$4.50 per 100g,https://foodlandbalaklava.com.au//lines/glade-gel-mini-cln-linen-70gm
Foodland Balaklava,2025-05-04 23:57:50,"Glade Fragranced Bathroom Gel, Bathroom Air Freshener & Discreet Odour Eliminator, Lavender,",180g,was $3.95,$3.00,$1.67 per 100g,https://foodlandbalaklava.com.au//lines/glade-air-freshnr-sld-lav180gm
Foodland Balaklava,2025-05-04 23:57:50,Glade Gel Air Freshener Jasmine,70g,N/A,$3.15,$4.50 per 100g,https://foodlandbalaklava.com.au//lines/glade-gel-mini-jasmine-70gm-1
Foodland Balaklava,2025-05-04 23:57:50,Glade Sense & Spray Automatic Air Freshener Refill Clean Linen,12g,was $7.90,$6.10,$50.83 per 100g,https://foodlandbalaklava.com.au//lines/glade-sen-spr-cln-lin-rf-12-2g-1
Foodland Balaklava,2025-05-04 23:57:50,Glade Sense & Spray Automatic Air Freshener Refill Hawaiian Breeze,12g,was $7.90,$6.10,$50.83 per 100g,https://foodlandbalaklava.com.au//lines/glade-sen-spr-hw-brz-rf-12-2gm-1
Foodland Balaklava,2025-05-04 23:57:50,Glade Sense & Spray Automatic Air Freshener Refill Lavender & Vanilla,12g,was $7.90,$6.10,$50.83 per 100g,https://foodlandbalaklava.com.au//lines/glade-sen-spr-lav-vn-rf-12gm
Foodland Balaklava,2025-05-04 23:57:50,Glade Sense & Spray Automatic Air Freshener Refill Pomegranate & Cranberries,12g,was $7.90,$6.10,$50.83 per 100g,https://foodlandbalaklava.com.au//lines/glade-s-s-pome-cran-ref-12gm
Foodland Balaklava,2025-05-04 23:57:50,Glade Sense & Spray Automatic Air Freshener Refill Sheer Vanilla Embrace,12g,was $7.90,$6.10,$50.83 per 100mL,https://foodlandbalaklava.com.au//lines/glade-sen-spr-vanilla-rf-12-2g
Foodland Balaklava,2025-05-04 23:57:50,Gldn/​Day Apr Delight G/​F,150g,N/A,$4.20,$2.80 per 100g,https://foodlandbalaklava.com.au//lines/gldn-day-apr-delight-150gm
Foodland Balaklava,2025-05-04 23:57:50,Gldn/​Day Aprct Bite G/​F,200g,N/A,$6.30,$3.15 per 100g,https://foodlandbalaklava.com.au//lines/gldn-day-aprct-bite-200gm
Foodland Balaklava,2025-05-04 23:57:50,Glen 20 24h Protection Disinfectant Spray Citrus,300g,was $12.10,$8.30,$2.77 per 100g,https://foodlandbalaklava.com.au//lines/glen-20-24hr-citrus-300gm
Foodland Balaklava,2025-05-04 23:57:50,Glen 20 24h Protection Disinfectant Spray Original,300g,was $12.10,$8.30,$2.77 per 100g,https://foodlandbalaklava.com.au//lines/glen-20-24hr-original-300gm
Foodland Balaklava,2025-05-04 23:57:50,Glen 20 Pure Disinfectant Mist Fresh Water,283g,was $12.10,$8.30,$2.93 per 100g,https://foodlandbalaklava.com.au//lines/glen-20-pure-frsh-wtr-283gm
Foodland Balaklava,2025-05-04 23:57:50,Glen 20 Pure Disinfectant Spray Morning Breeze,283g,was $12.10,$8.30,$2.93 per 100g,https://foodlandbalaklava.com.au//lines/glen-20-pure-morn-brze-283gm
Foodland Balaklava,2025-05-04 23:57:50,Glen 20 Spray Disinfectant All-In-One Berry Breeze,300g,was $10.00,$6.65,$2.22 per 100g,https://foodlandbalaklava.com.au//lines/glen-20-berry-breeze-300gm
Foodland Balaklava,2025-05-04 23:57:50,Glen 20 Spray Disinfectant All-In-One Country Scent,375g,was $12.10,$8.30,$2.21 per 100g,https://foodlandbalaklava.com.au//lines/glen-20-country-scent-375gm
Foodland Balaklava,2025-05-04 23:57:50,Glen 20 Spray Disinfectant All-In-One Lavender,300g,was $10.00,$6.65,$2.22 per 100g,https://foodlandbalaklava.com.au//lines/glen-20-lavender-300gm
Foodland Balaklava,2025-05-04 23:57:50,Glen 20 Spray Disinfectant All-In-One Original,300g,was $10.00,$6.65,$2.22 per 100g,https://foodlandbalaklava.com.au//lines/glen-20-original-300gm
Foodland Balaklava,2025-05-04 23:57:50,Glen 20 Spray Disinfectant All-In-One Summer Garden,300g,was $10.00,$6.65,$2.22 per 100g,https://foodlandbalaklava.com.au//lines/glen-20-summer-garden-300gm
Foodland Balaklava,2025-05-04 23:57:50,Glico Pocky Bisc Stk Choc,47g,N/A,$2.30,$4.89 per 100g,https://foodlandbalaklava.com.au//lines/glico-pocky-bisc-stk-choc-47gm-1
Foodland Balaklava,2025-05-04 23:57:50,Glico Pocky Bisc Stk S/​Bry47gm,N/A,N/A,$2.30,$4.89 per 100g,https://foodlandbalaklava.com.au//lines/glico-pocky-bisc-stk-s-bry47gm-1
Foodland Balaklava,2025-05-04 23:57:50,Glico Pocky Chocolate Biscuit Sticks,176g,N/A,$7.90,$4.49 per 100g,https://foodlandbalaklava.com.au//lines/glico-pocky-bisc-stk-choc176gm
Foodland Balaklava,2025-05-04 23:57:50,Glico Strawberries & Cream Pocky Biscuits,160g,N/A,$7.90,$4.94 per 100g,https://foodlandbalaklava.com.au//lines/glico-pocky-bisc-stkc-crm160gm
Foodland Balaklava,2025-05-04 23:57:50,Glico Strawberry Pocky,168g,N/A,$7.90,$4.70 per 100g,https://foodlandbalaklava.com.au//lines/glico-pocky-bisc-stk-s-br168gm
Foodland Balaklava,2025-05-04 23:57:50,Global Seafoods Barramundi Portions,500g,N/A,$18.40,$36.80 per kg,https://foodlandbalaklava.com.au//lines/global-barramundi-sk-on-500gm
Foodland Balaklava,2025-05-04 23:57:50,Global Seafoods Basa Fish Fillets,1kg,N/A,$13.15,$13.15 per kg,https://foodlandbalaklava.com.au//lines/global-basa-fillets-1kg
Foodland Balaklava,2025-05-04 23:57:50,Global Seafoods Crumbed Prawn Cutlets,500g,was $18.00,$15.65,$31.30 per kg,https://foodlandbalaklava.com.au//lines/global-crumbed-prawn-cutlet-500gm
Foodland Balaklava,2025-05-04 23:57:50,Global Seafoods Crumbed Squid Rings,500g,was $11.75,$11.00,$22.00 per kg,https://foodlandbalaklava.com.au//lines/global-squid-rings-crmb-500gm
Foodland Balaklava,2025-05-04 23:57:50,Global Seafoods Global Prawns Wonton M,258g,N/A,$9.45,$36.63 per kg,https://foodlandbalaklava.com.au//lines/global-prawns-wonton-soup-258gm
Foodland Balaklava,2025-05-04 23:57:50,Global Seafoods Global Wonton Soup Laksa,258g,N/A,$10.50,$40.70 per kg,https://foodlandbalaklava.com.au//lines/global-soup-wont-laska-258gm
Foodland Balaklava,2025-05-04 23:57:50,Global Seafoods New Zealand Southern Blue Whiting,1kg,N/A,$16.30,$16.30 per kg,https://foodlandbalaklava.com.au//lines/southern-blue-whiting-fill-1kg
Foodland Balaklava,2025-05-04 23:57:50,Global Seafoods Premium Cooked Prawn Cutlets,1kg,N/A,$49.35,$49.35 per kg,https://foodlandbalaklava.com.au//lines/prawn-ckd-peeled-tail-on-1kg
Foodland Balaklava,2025-05-04 23:57:50,Global Seafoods Premium Cooked Prawn Cutlets,500g,N/A,$24.15,$48.30 per kg,https://foodlandbalaklava.com.au//lines/global-prwns-cooked-t-on-500gm
Foodland Balaklava,2025-05-04 23:57:50,Global Seafoods Premium Scallops Roe Off,500g,was $15.23,$13.45,$26.90 per kg,https://foodlandbalaklava.com.au//lines/global-scallops-500gm
Foodland Balaklava,2025-05-04 23:57:50,Global Seafoods Salmon Portions Skin Off,250g,N/A,$19.43,$77.72 per kg,https://foodlandbalaklava.com.au//lines/salmon-portions-twin-pk-250gm
Foodland Balaklava,2025-05-04 23:57:50,Global Seafoods Salmon Portions Skin On,250g,N/A,$17.85,$71.40 per kg,https://foodlandbalaklava.com.au//lines/global-salmon-t-pk-s-on-250gm
Foodland Balaklava,2025-05-04 23:57:50,Global Seafoods Seafood Salad Mix,1kg,was $11.55,$9.25,$9.25 per kg,https://foodlandbalaklava.com.au//lines/global-seafood-salad-mix-1kg
Foodland Balaklava,2025-05-04 23:57:50,Global Seafoods Smoked Cod Fillets,500g,N/A,$15.75,$31.50 per kg,https://foodlandbalaklava.com.au//lines/cod-fillets-smkd-packed-500gm
Foodland Balaklava,2025-05-04 23:57:50,Global Seafoods Tasmanian Salmon Portions,500g,N/A,$30.45,$60.90 per kg,https://foodlandbalaklava.com.au//lines/global-salmon-prtn-s-on4x125gm
Foodland Balaklava,2025-05-04 23:57:50,Global Seafoods Vegetable Spring Rolls,500g,N/A,$7.65,$1.53 per 100g,https://foodlandbalaklava.com.au//lines/global-spring-rolls-vege-500gm
Foodland Balaklava,2025-05-04 23:57:51,Globus Dill Cucumbers,680g,N/A,$3.90,$5.74 per kg,https://foodlandbalaklava.com.au//lines/globus-dill-cucmbr-pol-680gm
Foodland Balaklava,2025-05-04 23:57:51,Globus Dill Cucumbers Polski Ogorki,1.95kg,N/A,$10.00,$5.13 per kg,https://foodlandbalaklava.com.au//lines/globus-dill-polish-1-95kg
Foodland Balaklava,2025-05-04 23:57:51,Glorious Love Bouquet,N/A,N/A,$70.00,N/A,https://foodlandbalaklava.com.au//lines/glorious-love-bouquet
Foodland Balaklava,2025-05-04 23:57:51,Gloves Adults Knit Fingerless,N/A,was $2.50,$2.00,N/A,https://foodlandbalaklava.com.au//lines/gloves-adults-knit-fingerless
Foodland Balaklava,2025-05-04 23:57:51,Gloves Mens Knit Thins A/​S Grp,N/A,N/A,$8.00,N/A,https://foodlandbalaklava.com.au//lines/gloves-mens-knit-thins-a-s-grp
Foodland Balaklava,2025-05-04 23:57:51,Glow In The Dark Throw,N/A,N/A,$20.00,N/A,https://foodlandbalaklava.com.au//lines/glow-in-the-dark-throw
Foodland Balaklava,2025-05-04 23:57:51,Gluten Free Bakery Puff Pastry Sweet,750g,N/A,$16.00,$2.13 per 100g,https://foodlandbalaklava.com.au//lines/g-f-bky-puff-pastry-swt-750g
Foodland Balaklava,2025-05-04 23:57:51,Gluten Free Bky Puff Pastry Sav,750g,N/A,$16.00,$2.13 per 100g,https://foodlandbalaklava.com.au//lines/g-f-bky-puff-pastry-sav-750gm
Foodland Balaklava,2025-05-04 23:57:51,Go2 Dentagenie Tongue Cleaner,N/A,N/A,$4.90,$0.24 Each,https://foodlandbalaklava.com.au//lines/go2-tongue-cleaner-20pk
Foodland Balaklava,2025-05-04 23:57:51,Gob Licker Sour Roller,60mL,N/A,$2.50,$0.42 per 10mL,https://foodlandbalaklava.com.au//lines/gob-licker-60ml-1
Foodland Balaklava,2025-05-04 23:57:51,Gofalafull Falafel B/​Root Gf240gm,N/A,N/A,$7.50,$2.84 per 100g,https://foodlandbalaklava.com.au//lines/gofalafull-falafel-b-root-gf240gm
Foodland Balaklava,2025-05-04 23:57:51,Gofalafull Falafel Ckd Gf240gm,N/A,was $7.50,$7.20,$3.00 per 100g,https://foodlandbalaklava.com.au//lines/gofalafull-cooked-6x240g
Foodland Balaklava,2025-05-04 23:57:51,Gofalafull Falafel Raw Gf264gm,N/A,was $7.50,$7.20,$2.73 per 100g,https://foodlandbalaklava.com.au//lines/gofalafull-falafel-raw-gf264gm
Foodland Balaklava,2025-05-04 23:57:51,Golden Circle Berry Buzz Fruit Snack,120g,was $1.90,$1.50,$12.50 per kg,https://foodlandbalaklava.com.au//lines/g-circ-f-o-frt-bry-buzz-120gm
Foodland Balaklava,2025-05-04 23:57:51,Golden Circle Drink Cranberry,1L,N/A,$4.35,$4.35 per L,https://foodlandbalaklava.com.au//lines/g-circ-drk-cranberry-1l
Foodland Balaklava,2025-05-04 23:57:51,Golden Circle® Apple Blackcurrant Juice,3L,was $6.10,$5.00,$1.67 per L,https://foodlandbalaklava.com.au//lines/g-circ-jce-apl-blkcurr-3l
Foodland Balaklava,2025-05-04 23:57:51,Golden Circle® Apple Mango Juice,2L,was $5.05,$3.90,$1.95 per L,https://foodlandbalaklava.com.au//lines/g-circ-jce-apl-mango-pet-2l
Foodland Balaklava,2025-05-04 23:57:51,Golden Circle® Apple Mango Juice,3L,was $6.10,$5.00,$1.67 per L,https://foodlandbalaklava.com.au//lines/g-circ-jce-apl-mango-pet-3l
Foodland Balaklava,2025-05-04 23:57:51,Golden Circle® Australian Pineapple Pieces In Juice,225g,N/A,$3.40,$15.11 per kg,https://foodlandbalaklava.com.au//lines/g-circ-pine-pieces-unswt-225gm
Foodland Balaklava,2025-05-04 23:57:51,Golden Circle® Australian Pineapple Slices In Juice,225g,N/A,$3.40,$15.11 per kg,https://foodlandbalaklava.com.au//lines/g-circ-pine-sliced-unswt-225gm
Foodland Balaklava,2025-05-04 23:57:51,Golden Circle® Corn Kernels,410g,was $2.20,$2.10,$5.12 per kg,https://foodlandbalaklava.com.au//lines/g-circ-corn-kernels-410gm
Foodland Balaklava,2025-05-04 23:57:51,Golden Circle® Creamed Corn,410g,was $2.20,$2.10,$5.12 per kg,https://foodlandbalaklava.com.au//lines/g-circ-corn-creamed-410gm
Foodland Balaklava,2025-05-04 23:57:51,Golden Circle® Diced Beetroot,450g,was $2.60,$2.50,$5.56 per kg,https://foodlandbalaklava.com.au//lines/g-circ-beetroot-diced-450gm
Foodland Balaklava,2025-05-04 23:57:51,Golden Circle® Mango Nectar,2L,was $5.25,$4.50,$2.25 per L,https://foodlandbalaklava.com.au//lines/g-circ-nectar-l-l-mango-2l
Foodland Balaklava,2025-05-04 23:57:51,Golden Circle® Orange Burst Fruit Drink,6 x 250mL,was $5.10,$4.50,$3.00 per L,https://foodlandbalaklava.com.au//lines/g-circ-drk-orange-6x250ml
Foodland Balaklava,2025-05-04 23:57:51,Golden Circle® Orange Juice,2L,N/A,$6.85,$3.42 per L,https://foodlandbalaklava.com.au//lines/g-circ-jce-orange-pet-2l
Foodland Balaklava,2025-05-04 23:57:51,Golden Circle® Pine Mango Fruit Drink Multipack Poppers 6.​0x250ml,N/A,was $5.10,$4.50,$3.00 per L,https://foodlandbalaklava.com.au//lines/g-circ-drk-pine-mango-6x250ml
Foodland Balaklava,2025-05-04 23:57:51,Golden Circle® Pine Mango Mash Up Fruit Snack,120g,was $1.90,$1.50,$12.50 per kg,https://foodlandbalaklava.com.au//lines/g-circ-f-o-frt-pine-mngo-120gm
Foodland Balaklava,2025-05-04 23:57:51,Golden Circle® Pine Orange Fruit Drink,6 x 250mL,was $5.10,$4.50,$3.00 per L,https://foodlandbalaklava.com.au//lines/g-circ-drk-pine-orange-6x250ml
Foodland Balaklava,2025-05-04 23:57:51,Golden Circle® Refreshers Berry Burst,1L,was $3.70,$2.90,$2.90 per L,https://foodlandbalaklava.com.au//lines/g-circ-jce-rfrsh-b-brst-1l
Foodland Balaklava,2025-05-04 23:57:51,Golden Circle® Refreshers Island Punch,6 x 250mL,was $6.10,$3.40,$2.27 per L,https://foodlandbalaklava.com.au//lines/g-circ-jce-rfrsh-i-pnch6x250ml
Foodland Balaklava,2025-05-04 23:57:51,Golden Circle® Refreshers Tropical Sunrise,6 x 250mL,was $6.10,$3.40,$2.27 per L,https://foodlandbalaklava.com.au//lines/g-circ-jce-rfrsh-trop-6x250ml
Foodland Balaklava,2025-05-04 23:57:51,Golden Circle® Sliced Beetroot,225g,N/A,$2.10,$9.33 per kg,https://foodlandbalaklava.com.au//lines/g-circ-beetroot-225gm
Foodland Balaklava,2025-05-04 23:57:51,Golden Circle® Strawberry Squeeze Fruit Snack,120g,was $1.90,$1.50,$12.50 per kg,https://foodlandbalaklava.com.au//lines/g-circ-f-o-frt-sbry-sqze-120gm
Foodland Balaklava,2025-05-04 23:57:51,Golden Circle® Sweetened Pineapple Juice,1L,N/A,$3.80,$3.80 per L,https://foodlandbalaklava.com.au//lines/g-circ-jce-pine-tetra-1l
Foodland Balaklava,2025-05-04 23:57:51,Golden Circle® Tomato Juice,2L,was $5.05,$3.90,$1.95 per L,https://foodlandbalaklava.com.au//lines/g-circ-jce-tomato-pet-2l
Foodland Balaklava,2025-05-04 23:57:51,Golden Circle® Tropical Smash Fruit Snack,120g,was $1.90,$1.50,$12.50 per kg,https://foodlandbalaklava.com.au//lines/g-circ-f-o-frt-trop-smsh-120gm
Foodland Balaklava,2025-05-04 23:57:51,Golden Days Apricot Coconut Slice,150g,N/A,$4.20,$2.80 per 100g,https://foodlandbalaklava.com.au//lines/gldn-day-apr-ccnut-slc-150gm
Foodland Balaklava,2025-05-04 23:57:51,Golden Days Black Sesame & Cranberry Sesame Bites,120g,N/A,$5.25,$4.38 per 100g,https://foodlandbalaklava.com.au//lines/gldn-day-ses-bte-blk-crn-120g
Foodland Balaklava,2025-05-04 23:57:51,Golden Days Cashew & Cranberry Sesame Bites,120g,N/A,$5.25,$4.38 per 100g,https://foodlandbalaklava.com.au//lines/gldn-day-ses-bte-cash-crn120gm
Foodland Balaklava,2025-05-04 23:57:51,Golden Days Sesame Snap Original ) 120g,3 x 40g,N/A,$3.15,$2.62 per 100g,https://foodlandbalaklava.com.au//lines/gldn-day-sesame-snaps-3x40gm
Foodland Balaklava,2025-05-04 23:57:51,Golden Days Sesame Snaps,40g,N/A,$1.25,$3.12 per 100g,https://foodlandbalaklava.com.au//lines/gldn-days-sesame-snaps-40gm
Foodland Balaklava,2025-05-04 23:57:51,Golden Days Sesame Snaps Yoghurt,40g,N/A,$1.60,$4.00 per 100g,https://foodlandbalaklava.com.au//lines/gldn-days-sesame-snaps-ygt-40g
Foodland Balaklava,2025-05-04 23:57:51,Golden Gaytime Streets Ice Cream Original Mp16,1.6L,N/A,$31.50,$1.97 per 100mL,https://foodlandbalaklava.com.au//lines/str-m-p-gldn-g-tme-val-pk-16s
Foodland Balaklava,2025-05-04 23:57:51,Golden North Dairy Free Vanilla Bean & Coconut Desert,1.2L,N/A,$9.40,$0.78 per 100mL,https://foodlandbalaklava.com.au//lines/g-north-i-crm-vanilla-d-f-1-2l
Foodland Balaklava,2025-05-04 23:57:51,Golden North Giant Twin,150mL,N/A,$3.20,N/A,https://foodlandbalaklava.com.au//lines/g-north-giant-twin-150ml
Foodland Balaklava,2025-05-04 23:57:51,Golden North Giant Twin Mini Vanilla Ice Creams,16 x 1.6L,N/A,$20.95,$1.31 per 100mL,https://foodlandbalaklava.com.au//lines/g-north-i-crm-twns-van16x100ml
Foodland Balaklava,2025-05-04 23:57:51,Golden North Iced Coffee Ice Cream,2L,N/A,$10.50,$0.52 per 100mL,https://foodlandbalaklava.com.au//lines/g-north-i-crm-iced-cof-2l
Foodland Balaklava,2025-05-04 23:57:53,Golden North Lemon Sorbet,1.2L,was $10.30,$8.95,$0.75 per 100mL,https://foodlandbalaklava.com.au//lines/g-north-sorbet-lemon-1-2l
Foodland Balaklava,2025-05-04 23:57:53,Golden North Rum & Raisin 2,N/A,N/A,$10.50,$0.52 per 100mL,https://foodlandbalaklava.com.au//lines/g-north-i-crm-rum-raisin-2l
Foodland Balaklava,2025-05-04 23:57:53,Golden North Simply Indulge Me Salted Caramel Ice Cream,1L,was $10.50,$6.00,$0.60 per 100mL,https://foodlandbalaklava.com.au//lines/g-north-i-crm-indlg-slt-crml1l
Foodland Balaklava,2025-05-04 23:57:53,Golden North Vanilla Diet Plus 2,N/A,N/A,$10.50,$0.52 per 100mL,https://foodlandbalaklava.com.au//lines/g-north-i-crm-diet-van-2l
Foodland Balaklava,2025-05-04 23:57:53,Good By Grove Avocado Oil,500mL,N/A,$15.25,$3.05 per 100mL,https://foodlandbalaklava.com.au//lines/good-by-grove-avo-oil-500ml
Foodland Balaklava,2025-05-04 23:57:53,Good Jce Spkl Org Apple,330mL,N/A,$3.90,$1.18 per 100mL,https://foodlandbalaklava.com.au//lines/good-jce-spkl-org-apple-330ml
Foodland Balaklava,2025-05-04 23:57:53,Good Organic Gardening Magazine,N/A,N/A,$9.95,N/A,https://foodlandbalaklava.com.au//lines/good-organic-gardening
Foodland Balaklava,2025-05-04 23:57:53,Goodbye And Good Luck Card $​4.​99,N/A,N/A,$4.99,N/A,https://foodlandbalaklava.com.au//lines/goodbye-and-good-luck-card-4-99
Foodland Balaklava,2025-05-04 23:57:53,Gorilla Glue Clear Grip 4pk,N/A,N/A,$23.10,N/A,https://foodlandbalaklava.com.au//lines/gorilla-glue-clear-grip-4pk-1
Foodland Balaklava,2025-05-04 23:57:53,Gorilla Glue Super Glue Gel,15g,N/A,$17.85,N/A,https://foodlandbalaklava.com.au//lines/gorilla-super-glue-gel-15gm-1
Foodland Balaklava,2025-05-04 23:57:53,Got2b Glued Blasting Freeze Spray,300mL,N/A,$17.00,$5.67 per 100mL,https://foodlandbalaklava.com.au//lines/got2b-glued-hairspray-300ml
Foodland Balaklava,2025-05-04 23:57:53,Got2b Modelling Wax,100mL,N/A,$15.00,$15.00 per 100mL,https://foodlandbalaklava.com.au//lines/got2b-modelling-wax-100ml
Foodland Balaklava,2025-05-04 23:57:53,Got2b Styling Gel Ultra Glued,150mL,N/A,$15.00,$10.00 per 100mL,https://foodlandbalaklava.com.au//lines/got2b-glued-gel-ult-styl-150ml
Foodland Balaklava,2025-05-04 23:57:53,Goulburn Valley Fruit Medley In Juice,700g,N/A,$5.25,$7.50 per kg,https://foodlandbalaklava.com.au//lines/g-val-fruit-salad-diced-700gm
Foodland Balaklava,2025-05-04 23:57:53,Goulburn Valley Mango In Juice,685g,N/A,$6.95,$10.15 per kg,https://foodlandbalaklava.com.au//lines/g-val-mangoes-685gm
Foodland Balaklava,2025-05-04 23:57:53,Goulburn Valley Peaches In Mango Nectar,700g,N/A,$5.25,$7.50 per kg,https://foodlandbalaklava.com.au//lines/g-val-peach-sld-mgo-puree700gm
Foodland Balaklava,2025-05-04 23:57:53,Goulburn Valley Pears,700g,N/A,$5.25,$7.50 per kg,https://foodlandbalaklava.com.au//lines/g-val-pears-sliced-700gm
Foodland Balaklava,2025-05-04 23:57:53,Gourmet Delight Gourment Delight Whitemeat Tuna With Chicken Breast,6 x 85g,was $6.25,$5.30,$1.04 per 100g,https://foodlandbalaklava.com.au//lines/grmet-dlite-tuna-chk-mp-6x85gm
Foodland Balaklava,2025-05-04 23:57:53,Gourmet Delight With Chicken Mince In Gravy,6 x 85g,was $6.25,$5.30,$1.04 per 100g,https://foodlandbalaklava.com.au//lines/grmet-dlite-chkn-grvy-mp6x85gm
Foodland Balaklava,2025-05-04 23:57:53,Gourmet Garden Basil Paste,80g,N/A,$4.70,$5.88 per 100g,https://foodlandbalaklava.com.au//lines/gourmet-basil-paste-80g
Foodland Balaklava,2025-05-04 23:57:53,Gourmet Garden Coriander Lightly Dried,8g,N/A,$4.70,N/A,https://foodlandbalaklava.com.au//lines/g-g-l-d-coriander-8g
Foodland Balaklava,2025-05-04 23:57:53,Gourmet Garden Coriander Paste,80g,N/A,$4.70,$5.88 per 100g,https://foodlandbalaklava.com.au//lines/gourmet-coriander-paste-80g
Foodland Balaklava,2025-05-04 23:57:53,Gourmet Garden Garlic Value Pack Paste,120g,N/A,$6.20,$5.17 per 100g,https://foodlandbalaklava.com.au//lines/gourmet-garlic-v-p-paste-120g
Foodland Balaklava,2025-05-04 23:57:53,Gowell Classic Wraps,400g,N/A,$5.70,$1.42 per 100g,https://foodlandbalaklava.com.au//lines/diego-s-classic-wrap-8pk-400gm
Foodland Balaklava,2025-05-04 23:57:53,Grainwaves Sour Cream And Chive Snacks 8 Pack,176g,was $6.30,$3.00,$1.70 per 100g,https://foodlandbalaklava.com.au//lines/grainwaves-s-crm-chiv-8p-176g
Foodland Balaklava,2025-05-04 23:57:53,Grapefruit Ruby Red Per Kg,N/A,N/A,$5.99,N/A,https://foodlandbalaklava.com.au//lines/grapefruit-ruby-red-per-kg
Foodland Balaklava,2025-05-04 23:57:53,Grapefruit Yellow Per Kg,N/A,N/A,$6.00,N/A,https://foodlandbalaklava.com.au//lines/grapefruit-yellow-per-kg
Foodland Balaklava,2025-05-04 23:57:53,Gravox® Bangers 'N' Mash Liquid Gravy Pouch,165g,was $3.70,$2.80,$1.70 per 100g,https://foodlandbalaklava.com.au//lines/gravox-grvy-bangersnmash-165gm
Foodland Balaklava,2025-05-04 23:57:53,Gravox® Brown Onion Liquid Gravy Pouch,165g,was $3.70,$2.80,$1.70 per 100g,https://foodlandbalaklava.com.au//lines/gravox-grvy-lqd-brn-onion165gm
Foodland Balaklava,2025-05-04 23:57:53,Gravox® Cheese Sauce,165g,was $3.70,$2.80,$1.70 per 100g,https://foodlandbalaklava.com.au//lines/gravox-sce-lqd-cheese-165gm
Foodland Balaklava,2025-05-04 23:57:53,Gravox® Hollandaise Sauce,165g,was $3.70,$2.80,$1.70 per 100g,https://foodlandbalaklava.com.au//lines/gravox-sce-lqd-holandaise165gm
Foodland Balaklava,2025-05-04 23:57:53,Gravox® Lamb & Rosemary Liquid Gravy Family Pack,250g,was $4.75,$4.00,$1.60 per 100g,https://foodlandbalaklava.com.au//lines/gravox-grvy-lqd-lmb-rsmy-250gm
Foodland Balaklava,2025-05-04 23:57:53,Gravox® Lamb & Rosemary Liquid Gravy Pouch,165g,was $3.70,$2.80,$1.70 per 100g,https://foodlandbalaklava.com.au//lines/gravox-grvy-lqd-lmb-rsmy-165gm
Foodland Balaklava,2025-05-04 23:57:53,Gravox® Mushroom & Garlic Sauce,165g,was $3.70,$2.80,$1.70 per 100g,https://foodlandbalaklava.com.au//lines/gravox-sce-lqd-mroom-garl165gm
Foodland Balaklava,2025-05-04 23:57:53,Gravox® Mushroom & Garlic Sauce Mix,29g,was $1.60,$0.75,$0.26 per 10g,https://foodlandbalaklava.com.au//lines/gravox-sce-sac-mroom-garl-29gm
Foodland Balaklava,2025-05-04 23:57:53,Gravox® Pepper Sauce,140g,was $5.25,$4.00,$0.29 per 10g,https://foodlandbalaklava.com.au//lines/gravox-sce-can-pepper-140gm
Foodland Balaklava,2025-05-04 23:57:53,Gravox® Peppercorn With Cream Sauce,165g,was $3.70,$2.80,$1.70 per 100g,https://foodlandbalaklava.com.au//lines/gravox-sce-lqd-pepercorn-165g
Foodland Balaklava,2025-05-04 23:57:53,Gravox® Roast Chicken With Herbs Liquid Gravy Family Pack,250g,was $4.75,$4.00,$1.60 per 100g,https://foodlandbalaklava.com.au//lines/gravox-grvy-lqd-chic-hrb-250gm
Foodland Balaklava,2025-05-04 23:57:53,Gravox® Roast Meat With Red Wine & Garlic Liquid Gravy,165g,was $3.70,$2.80,$1.70 per 100g,https://foodlandbalaklava.com.au//lines/gravox-grvy-lqd-r-meat-r-w165g
Foodland Balaklava,2025-05-04 23:57:53,Gravox® Roast Pork Liquid Gravy Family Pack,250g,was $4.75,$4.00,$1.60 per 100g,https://foodlandbalaklava.com.au//lines/gravox-grvy-lqd-rst-pork-250gm
Foodland Balaklava,2025-05-04 23:57:53,Gravox® Roast Pork Liquid Gravy Pouch,165g,was $3.70,$2.80,$1.70 per 100g,https://foodlandbalaklava.com.au//lines/gravox-grvy-lqd-rst-prk-165gm
Foodland Balaklava,2025-05-04 23:57:53,Gravox® Supreme Chicken Flavoured Gravy Mix,29g,was $1.60,$0.75,$0.26 per 10g,https://foodlandbalaklava.com.au//lines/gravox-grvy-sac-sup-chick-29gm
Foodland Balaklava,2025-05-04 23:57:53,Gravox® Supreme Gravy Mix,200g,N/A,$4.40,$0.22 per 10g,https://foodlandbalaklava.com.au//lines/gravox-grvy-pdr-supreme-200gm
Foodland Balaklava,2025-05-04 23:57:53,Gravox® Traditional Gravy Mix,200g,N/A,$4.40,$0.22 per 10g,https://foodlandbalaklava.com.au//lines/gravox-gravy-pdr-trad-200gm
Foodland Balaklava,2025-05-04 23:57:53,Gravox® Traditional Gravy Mix,29g,was $1.60,$0.75,$0.26 per 10g,https://foodlandbalaklava.com.au//lines/gravox-grvy-sac-trad-mix-29gm
Foodland Balaklava,2025-05-04 23:57:53,Gravox® Traditional Liquid Gravy Family Pack,250g,was $4.75,$4.00,$1.60 per 100g,https://foodlandbalaklava.com.au//lines/gravox-grvy-lqd-trad-250gm
Foodland Balaklava,2025-05-04 23:57:53,Gravox® Traditional Salt Reduced* Gravy Mix,120g,was $5.25,$4.00,$0.33 per 10g,https://foodlandbalaklava.com.au//lines/gravox-grvy-instn-trad-rs120gm
Foodland Balaklava,2025-05-04 23:57:53,Greek Kouzina Moussaka,300g,N/A,$9.90,$3.30 per 100g,https://foodlandbalaklava.com.au//lines/greek-kouzina-moussaka-300g
Foodland Balaklava,2025-05-04 23:57:54,Green Time Aloe Vera,1.49L,N/A,$5.00,$3.36 per L,https://foodlandbalaklava.com.au//lines/green-time-aloe-vera-1-49l
Foodland Balaklava,2025-05-04 23:57:54,Green Time Peach Aloe Vera Drink,1.5L,N/A,$5.00,$3.33 per L,https://foodlandbalaklava.com.au//lines/green-time-peach-aloe-1-5l
Foodland Balaklava,2025-05-04 23:57:54,Green Vie Vegaloumi,200g,N/A,$8.50,$4.25 per 100g,https://foodlandbalaklava.com.au//lines/green-vie-vegaloumi-200g
Foodland Balaklava,2025-05-04 23:57:54,Green Vie Vegan Parmesan,100g,N/A,$5.50,$5.50 per 100g,https://foodlandbalaklava.com.au//lines/green-vie-parmeson-grtd-100gm
Foodland Balaklava,2025-05-04 23:57:54,Green's Caramel Mud Cake Mix,600g,was $5.80,$4.95,$0.82 per 100g,https://foodlandbalaklava.com.au//lines/greens-c-mix-crmel-mud-ck600gm
Foodland Balaklava,2025-05-04 23:57:54,Green's Chocolate Cupcakes Mix,450g,was $5.80,$4.95,$1.10 per 100g,https://foodlandbalaklava.com.au//lines/greens-cupcake-choc-velve450gm
Foodland Balaklava,2025-05-04 23:57:54,Green's Chocolate Mud Cake Mix,530g,was $5.80,$4.95,$0.93 per 100g,https://foodlandbalaklava.com.au//lines/greens-c-mix-choc-mud-cke530gm
Foodland Balaklava,2025-05-04 23:57:54,Green's Chocolate Self Saucing Pudding,N/A,N/A,$3.95,$1.52 per 100g,https://foodlandbalaklava.com.au//lines/greens-sponge-pudd-choc-260gm
Foodland Balaklava,2025-05-04 23:57:54,Green's Chunkies Minis Choc Chip,200g,N/A,$5.40,$2.70 per 100g,https://foodlandbalaklava.com.au//lines/greens-bisc-mini-chc-chip200gm
Foodland Balaklava,2025-05-04 23:57:54,Green's Cookies & Cream Cupcakes Mix,380g,was $5.80,$4.95,$1.30 per 100g,https://foodlandbalaklava.com.au//lines/greens-cupcake-ckie-crm-380gm
Foodland Balaklava,2025-05-04 23:57:54,Green's Gluten Free Chocolate Cake,470g,N/A,$5.80,$1.23 per 100g,https://foodlandbalaklava.com.au//lines/greens-c-mix-choc-cke-g-f470gm
Foodland Balaklava,2025-05-04 23:57:54,Green's Gluten Free Pancake Shake Buttermilk,300g,N/A,$3.50,$1.17 per 100g,https://foodlandbalaklava.com.au//lines/greens-p-cake-shk-b-m-g-f300gm
Foodland Balaklava,2025-05-04 23:57:54,Green's Gravy Granules For Roast Meat,120g,N/A,$5.05,$0.42 per 10g,https://foodlandbalaklava.com.au//lines/greens-gravy-gran-rst-mt-120gm
Foodland Balaklava,2025-05-04 23:57:54,Green's Greens Banana Bread Standard,400g,N/A,$4.00,$1.00 per 100g,https://foodlandbalaklava.com.au//lines/greens-b-mix-banana-brd-400gm
Foodland Balaklava,2025-05-04 23:57:54,Green's Lemon Self Saucing Pudding,260g,N/A,$3.95,$1.52 per 100g,https://foodlandbalaklava.com.au//lines/greens-sponge-pudd-lemon-260gm
Foodland Balaklava,2025-05-04 23:57:54,Green's Poppyseed Cake Mix,580g,was $5.80,$4.95,$0.85 per 100g,https://foodlandbalaklava.com.au//lines/greens-c-mix-orng-pseed-580gm
Foodland Balaklava,2025-05-04 23:57:54,Green's Red Velvet Cupcakes Mix,410g,was $5.80,$4.95,$1.21 per 100g,https://foodlandbalaklava.com.au//lines/greens-cupcake-red-velvet410gm
Foodland Balaklava,2025-05-04 23:57:54,Green's Smooth Lemon Cake Mix,470g,N/A,$4.00,$0.85 per 100g,https://foodlandbalaklava.com.au//lines/greens-c-mix-trad-lemon-470gm
Foodland Balaklava,2025-05-04 23:57:54,Green's Sticky Date Self Saucing Pudding,N/A,N/A,$3.95,$1.52 per 100g,https://foodlandbalaklava.com.au//lines/greens-sponge-pudd-s-date260gm
Foodland Balaklava,2025-05-04 23:57:54,Green's Traditional Classic Chocolate Cake Mix,440g,N/A,$4.00,$0.91 per 100g,https://foodlandbalaklava.com.au//lines/greens-c-mix-trad-choc-440gm
Foodland Balaklava,2025-05-04 23:57:54,Green's Traditional Moist Vanilla Cake Mix,470g,N/A,$4.00,$0.85 per 100g,https://foodlandbalaklava.com.au//lines/greens-c-mix-trd-van-470gm
Foodland Balaklava,2025-05-04 23:57:54,Green's Traditional Zesty Orange Cake Mix,470g,N/A,$4.00,$0.85 per 100g,https://foodlandbalaklava.com.au//lines/greens-c-mix-orange-470gm
Foodland Balaklava,2025-05-04 23:57:54,Green's Triple Choc Fudge Brownie,500g,was $5.80,$4.95,$0.99 per 100g,https://foodlandbalaklava.com.au//lines/greens-brownie-tripl-choc500gm
Foodland Balaklava,2025-05-04 23:57:54,Green's Vanilla Cupcakes,490g,was $5.80,$4.95,$1.01 per 100g,https://foodlandbalaklava.com.au//lines/greens-cupcake-van-490gm
Foodland Balaklava,2025-05-04 23:57:54,Green's Vanilla Mud Cake,600g,was $5.80,$4.95,$0.82 per 100g,https://foodlandbalaklava.com.au//lines/greens-c-mix-van-mud-cke-600gm
Foodland Balaklava,2025-05-04 23:57:54,Greenies Original Petite Dental Dog Treat 10 Pk Pouch,170g,N/A,$19.00,$11.18 per 100g,https://foodlandbalaklava.com.au//lines/greenies-denta-chw-petite170gm
Foodland Balaklava,2025-05-04 23:57:54,Greenies™ Original Dental Dog Treat 4 Pack Pouch 170g,170g,N/A,$19.00,$11.18 per 100g,https://foodlandbalaklava.com.au//lines/greenies-denta-chw-lrg-170gm
Foodland Balaklava,2025-05-04 23:57:54,Greens Brownie S/​Crml G/​F300gm,N/A,N/A,$5.80,$1.45 per 100g,https://foodlandbalaklava.com.au//lines/greens-brownie-s-crml-g-f300gm
Foodland Balaklava,2025-05-04 23:57:54,Greens C/​Mix Choc,630g,was $5.80,$5.10,$0.81 per 100g,https://foodlandbalaklava.com.au//lines/greens-c-mix-choc-630gm
Foodland Balaklava,2025-05-04 23:57:54,Greens Cake Mix Gluten Free Golden Butter,470g,N/A,$5.80,$1.23 per 100g,https://foodlandbalaklava.com.au//lines/greens-c-mix-gld-btr-g-f-470gm
Foodland Balaklava,2025-05-04 23:57:54,Greens Ckie Mix Rasp W/​Ch380gm,N/A,was $5.80,$5.45,$1.43 per 100g,https://foodlandbalaklava.com.au//lines/greens-ckie-mix-rasp-w-ch380gm
Foodland Balaklava,2025-05-04 23:57:54,Greens Ckie Pie Mx C/​Chip400gm,N/A,was $5.80,$4.95,$1.24 per 100g,https://foodlandbalaklava.com.au//lines/greens-ckie-pie-mx-c-chip400gm
Foodland Balaklava,2025-05-04 23:57:54,Greens Supreme Vanilla Bean,555g,was $5.80,$5.10,$0.92 per 100g,https://foodlandbalaklava.com.au//lines/greens-c-mix-suprm-van-555gm
Foodland Balaklava,2025-05-04 23:57:54,Greenseas® Tuna In Oil Extra Virgin Olive Oil Blend,95g,was $2.77,$1.30,$13.68 per kg,https://foodlandbalaklava.com.au//lines/greenseas-tuna-olive-oil-95gm
Foodland Balaklava,2025-05-04 23:57:54,Greenseas® Tuna Smoke Flavour,95g,was $2.77,$1.30,$13.68 per kg,https://foodlandbalaklava.com.au//lines/greenseas-tuna-lte-smoked-95gm
Foodland Balaklava,2025-05-04 23:57:54,Green’​S Gluten Free Apple & Cinnamon Muffin Mix,385mL,N/A,$5.80,$1.51 per 100g,https://foodlandbalaklava.com.au//lines/greens-muff-mx-apl-cin-gf385gm
Foodland Balaklava,2025-05-04 23:57:54,Green’​S Gluten Free Vanilla Cake Mix,470g,N/A,$5.80,$1.23 per 100g,https://foodlandbalaklava.com.au//lines/greens-c-mix-van-g-f-470g
Foodland Balaklava,2025-05-04 23:57:54,Greeting Crad,N/A,N/A,$7.99,N/A,https://foodlandbalaklava.com.au//lines/card-boxed-xmas-cards-10pk-7-99
Foodland Balaklava,2025-05-04 23:57:54,Griffins Biscuits Gingernuts,250g,N/A,$2.65,$1.06 per 100g,https://foodlandbalaklava.com.au//lines/griffins-gingernuts-250gm
Foodland Balaklava,2025-05-04 23:57:54,Grill Soc Sce BBQ Swt Hny280gm,N/A,was $5.25,$3.90,$1.39 per 100mL,https://foodlandbalaklava.com.au//lines/grill-soc-sce-bbq-swt-hny280gm
Foodland Balaklava,2025-05-04 23:57:54,Grill Society Kickin’ Chicken Sauce,280g,was $5.25,$3.90,$1.39 per 100mL,https://foodlandbalaklava.com.au//lines/grill-soc-sce-kickin-hot-280g
Foodland Balaklava,2025-05-04 23:57:54,Grinders Coffee Caffitaly Capsules Crema 10 Pack,80g,N/A,$8.40,$10.50 per 100g,https://foodlandbalaklava.com.au//lines/grinders-capsules-crema-10x8gm
Foodland Balaklava,2025-05-04 23:57:54,Grinders Espresso Coffee Beans,1kg,was $42.00,$32.95,$3.30 per 100g,https://foodlandbalaklava.com.au//lines/grinders-beans-espresso-1kg
Foodland Balaklava,2025-05-04 23:57:54,Grinders Espresso Coffee Beans,500g,was $26.25,$23.60,$4.72 per 100g,https://foodlandbalaklava.com.au//lines/grinders-coff-bns-esprs-500gm
Foodland Balaklava,2025-05-04 23:57:54,Grinders Rich Espresso Ground Coffee,200g,was $12.60,$11.75,$5.88 per 100g,https://foodlandbalaklava.com.au//lines/grinders-coff-grd-esprso-200gm
Foodland Balaklava,2025-05-04 23:57:54,Grove Avocado Oil Cold Pressed Extra Virgin,250mL,N/A,$10.50,$4.20 per 100mL,https://foodlandbalaklava.com.au//lines/grove-avo-oil-x-virg-250ml
Foodland Balaklava,2025-05-04 23:57:54,Grove Juice Orange Juice With Pulp,1.5L,N/A,$8.35,$5.57 per L,https://foodlandbalaklava.com.au//lines/grove-jce-orange-1-5l
Foodland Balaklava,2025-05-04 23:57:54,Gsb Blueberry Plait,480g,N/A,$6.99,$1.46 per 100g,https://foodlandbalaklava.com.au//lines/gsb-fruit-plait-blueberry-480g
Foodland Balaklava,2025-05-04 23:57:55,Gsb Choc Sponge Roll,300g,N/A,$6.80,$2.27 per 100g,https://foodlandbalaklava.com.au//lines/gsb-choc-sponge-roll-300g
Foodland Balaklava,2025-05-04 23:57:55,Gsb Hot Cross Buns F/​Less 6pk,N/A,N/A,$7.50,$1.88 per 100g,https://foodlandbalaklava.com.au//lines/gsb-hot-cross-buns-f-less-6pk
Foodland Balaklava,2025-05-04 23:57:55,Gsb White Rolls 6pk,N/A,N/A,$9.00,$1.50 per 100g,https://foodlandbalaklava.com.au//lines/gsb-white-rolls-6pk-2
Foodland Balaklava,2025-05-04 23:57:55,Guanciale Per Kg,N/A,N/A,$40.00,N/A,https://foodlandbalaklava.com.au//lines/guanciale-per-kg
Foodland Balaklava,2025-05-04 23:57:55,Gumption Multi-Purpose Cleaner Lemon,500g,was $5.65,$4.80,$0.96 per 100g,https://foodlandbalaklava.com.au//lines/gumption-paste-cleaner-500gm
Foodland Balaklava,2025-05-04 23:57:55,Guylian Chocolate Seashells,65g,was $7.35,$6.30,$9.69 per 100g,https://foodlandbalaklava.com.au//lines/guylian-c-shell-wndowbx-65gm
Foodland Balaklava,2025-05-04 23:57:55,Guylian The Original Seashells,250g,was $29.00,$14.50,$5.80 per 100g,https://foodlandbalaklava.com.au//lines/guylian-choc-seashells-250gm
Foodland Balaklava,2025-05-04 23:57:55,H/​Dorf M/​Wrst Hot Pepper,500g,N/A,$15.00,$3.00 per 100g,https://foodlandbalaklava.com.au//lines/h-dorf-m-wrst-hot-pepper-500gm
Foodland Balaklava,2025-05-04 23:57:55,H/​Fong Sriracha Chilli Sce,255g,N/A,$5.70,$2.24 per 100g,https://foodlandbalaklava.com.au//lines/h-fong-sriracha-chilli-sce-255g
Foodland Balaklava,2025-05-04 23:57:55,H/​House Black Caviar,50g,N/A,$6.30,$126.00 per kg,https://foodlandbalaklava.com.au//lines/h-house-black-caviar-50gm
Foodland Balaklava,2025-05-04 23:57:55,H/​Snk Chickpeas Chocolate,5 x 20g,N/A,$6.80,$6.80 per 100g,https://foodlandbalaklava.com.au//lines/h-snk-chickpeas-chocolate-5x20g
Foodland Balaklava,2025-05-04 23:57:55,H2juice Lychee Juice,N/A,N/A,$5.25,$4.20 per L,https://foodlandbalaklava.com.au//lines/h2juice-jce-lychee-1-25l
Foodland Balaklava,2025-05-04 23:57:55,H2juice Pineapple Juice,1.25L,N/A,$5.25,$4.20 per L,https://foodlandbalaklava.com.au//lines/h2-juice-pineapple-1-25lt
Foodland Balaklava,2025-05-04 23:57:55,Hahndorf Mettwurst Plain,500g,N/A,$15.00,N/A,https://foodlandbalaklava.com.au//lines/h-dorf-m-wrst-plain-500gm
Foodland Balaklava,2025-05-04 23:57:55,Hakubaku Organic Ramen,270g,N/A,$4.20,$1.56 per 100g,https://foodlandbalaklava.com.au//lines/hakubaku-ndle-org-ramen-270gm
Foodland Balaklava,2025-05-04 23:57:55,Halls Classic Cola,1L,N/A,$4.20,$4.20 per L,https://foodlandbalaklava.com.au//lines/halls-classic-cola-1l
Foodland Balaklava,2025-05-04 23:57:55,Halls Fruita,330mL,was $3.90,$3.05,$9.24 per L,https://foodlandbalaklava.com.au//lines/halls-fruita-12x330ml
Foodland Balaklava,2025-05-04 23:57:55,Halls Lemon Twist,1L,N/A,$4.20,$4.20 per L,https://foodlandbalaklava.com.au//lines/halls-lemon-twist-1l
Foodland Balaklava,2025-05-04 23:57:55,Halls Lemon Twist,330mL,was $3.90,$3.05,$9.24 per L,https://foodlandbalaklava.com.au//lines/halls-lemon-twist-12x330ml
Foodland Balaklava,2025-05-04 23:57:55,Halls Lemonade,1L,N/A,$4.20,$4.20 per L,https://foodlandbalaklava.com.au//lines/halls-lemonade-1l
Foodland Balaklava,2025-05-04 23:57:55,Halls Lemonade,330mL,was $3.90,$3.05,$9.24 per L,https://foodlandbalaklava.com.au//lines/halls-lemonade-12x330ml
Foodland Balaklava,2025-05-04 23:57:55,Ham & Beef Salad Roll,N/A,N/A,$6.99,N/A,https://foodlandbalaklava.com.au//lines/ham-beef-salad-roll
Foodland Balaklava,2025-05-04 23:57:55,Ham & Chicken Salad Roll,N/A,N/A,$6.99,N/A,https://foodlandbalaklava.com.au//lines/ham-chicken-salad-roll
Foodland Balaklava,2025-05-04 23:57:55,Ham & Pork Salad Roll,N/A,N/A,$6.99,N/A,https://foodlandbalaklava.com.au//lines/ham-pork-salad-roll
Foodland Balaklava,2025-05-04 23:57:55,Ham & Salami Salad Roll,N/A,N/A,$6.99,N/A,https://foodlandbalaklava.com.au//lines/ham-salami-salad-roll
Foodland Balaklava,2025-05-04 23:57:55,Ham & Silverside Salad Roll,N/A,N/A,$6.99,N/A,https://foodlandbalaklava.com.au//lines/ham-silverside-salad-roll
Foodland Balaklava,2025-05-04 23:57:55,Ham & Sopressa Salad Roll,N/A,N/A,$6.99,N/A,https://foodlandbalaklava.com.au//lines/ham-sopressa-salad-roll
Foodland Balaklava,2025-05-04 23:57:55,Ham & Turkey Salad Roll,N/A,N/A,$6.99,N/A,https://foodlandbalaklava.com.au//lines/ham-turkey-salad-roll
Foodland Balaklava,2025-05-04 23:57:55,Ham Milano,N/A,N/A,$26.99,N/A,https://foodlandbalaklava.com.au//lines/ham-milano-1
Foodland Balaklava,2025-05-04 23:57:55,Hamper® Corned Beef Lite*,340g,N/A,$8.60,$25.29 per kg,https://foodlandbalaklava.com.au//lines/hamper-corned-beef-lite-340gm
Foodland Balaklava,2025-05-04 23:57:55,Hand Pump With Attachment,N/A,N/A,$12.00,N/A,https://foodlandbalaklava.com.au//lines/hand-pump-with-attachment
Foodland Balaklava,2025-05-04 23:57:55,Handee Ultra Double Length Paper Towels 3 Pack,N/A,was $8.95,$7.50,$4.69 per 100 Sheets,https://foodlandbalaklava.com.au//lines/handee-towel-dblroll-wht2ply3s
Foodland Balaklava,2025-05-04 23:57:55,Handee Ultra Triple Length - 2 Pack,N/A,N/A,$7.90,$2.19 per 100 Sheets,https://foodlandbalaklava.com.au//lines/handee-towel-ult-wht-trpl-2s
Foodland Balaklava,2025-05-04 23:57:55,Handy Andy 2 In 1 Cleaner & Disinfectant,750mL,was $4.20,$3.80,$0.51 per 100mL,https://foodlandbalaklava.com.au//lines/clorox-h-andy-f-clnr-grn-750ml
Foodland Balaklava,2025-05-04 23:57:55,"Handy Andy Floor Cleaner And General Purpose Cleaner, Pink, Original Fresh Scent,",750mL,was $4.20,$3.80,$0.51 per 100mL,https://foodlandbalaklava.com.au//lines/clorox-h-andy-a-purp-pnk-750ml
Foodland Balaklava,2025-05-04 23:57:55,Hanging Cylinder Mothballs,N/A,N/A,$3.18,N/A,https://foodlandbalaklava.com.au//lines/mothballs-3x27gm-c-s
Foodland Balaklava,2025-05-04 23:57:55,Hansells Chef's Kitchen French Style Creme Brulee,70g,N/A,$2.30,$3.29 per 100g,https://foodlandbalaklava.com.au//lines/hansells-ch-kit-crm-brulee-70g
Foodland Balaklava,2025-05-04 23:57:55,Hansells Yoghurt Powder Greek Style With Coconut,220g,N/A,$6.60,$3.00 per 100g,https://foodlandbalaklava.com.au//lines/hansells-ygt-grk-coconut-220g
Foodland Balaklava,2025-05-04 23:57:55,Hansells Yoghurt Powder Greek Style With Honey,220g,N/A,$6.60,$3.00 per 100g,https://foodlandbalaklava.com.au//lines/hansells-grk-sty-honey-ygt-220g
Foodland Balaklava,2025-05-04 23:57:55,Hansells Yoghurt Powder Natural Unsweetened,140g,N/A,$6.60,$4.71 per 100g,https://foodlandbalaklava.com.au//lines/hansells-class-natural-u-swt-140g
Foodland Balaklava,2025-05-04 23:57:55,Hansells Yoghurt Powder Thick & Creamy Boysenberry,220g,N/A,$6.60,$3.00 per 100g,https://foodlandbalaklava.com.au//lines/hansells-t-c-boysenberry-ygt-220g
Foodland Balaklava,2025-05-04 23:57:55,Hansells Yoghurt Powder Thick & Creamy Mango Passion,220g,N/A,$6.60,$3.00 per 100g,https://foodlandbalaklava.com.au//lines/hansells-ygt-grk-mango-pass-220g
Foodland Balaklava,2025-05-04 23:57:55,Happy As Lck&​Lov Lvr Bit,100g,N/A,$7.59,$7.59 per 100g,https://foodlandbalaklava.com.au//lines/happy-as-lck-lov-lvr-bit-100gm
Foodland Balaklava,2025-05-04 23:57:55,Happy Birthday Garland,N/A,N/A,$3.15,N/A,https://foodlandbalaklava.com.au//lines/happy-birthday-garland
Foodland Balaklava,2025-05-04 23:57:55,Happy Donut Co Caramel Donut 4pk,N/A,N/A,$6.30,$2.74 per 100g,https://foodlandbalaklava.com.au//lines/h-dnt-donut-caramel-4pk-230gm
Foodland Balaklava,2025-05-04 23:57:55,Happy Donut Co Chocolate 4pk,N/A,N/A,$6.30,$2.74 per 100g,https://foodlandbalaklava.com.au//lines/h-dnt-donut-choc-4pk-230gm
Foodland Balaklava,2025-05-04 23:57:55,Happy Donut Co Jam Ball 4pk,N/A,N/A,$6.30,$2.17 per 100g,https://foodlandbalaklava.com.au//lines/h-dnt-donut-jam-ball-4pk-290gm
Foodland Balaklava,2025-05-04 23:57:55,Happy Muffin Co Choc Chip 1pk,N/A,N/A,$2.00,$1.67 per 100g,https://foodlandbalaklava.com.au//lines/h-muf-muffn-sngl-c-chip-1pk
Foodland Balaklava,2025-05-04 23:57:56,Happy Muffin Co Double Choc 1pk,N/A,N/A,$2.00,$1.67 per 100g,https://foodlandbalaklava.com.au//lines/h-muf-muffn-sngl-dbl-c-chp-1pk
Foodland Balaklava,2025-05-04 23:57:56,Happy Way Choc Protein Powder,500g,N/A,$49.95,$9.99 per 100g,https://foodlandbalaklava.com.au//lines/happy-way-top-of-the-choc-500gm
Foodland Balaklava,2025-05-04 23:57:56,Happy Way D/​Ja Brew Coffee,500g,N/A,$49.95,$9.99 per 100g,https://foodlandbalaklava.com.au//lines/happy-way-d-ja-brew-coffee-500gm
Foodland Balaklava,2025-05-04 23:57:56,Happy Way Vegan Vanilla Protein Powder,500g,N/A,$49.95,$9.99 per 100g,https://foodlandbalaklava.com.au//lines/happy-way-vegan-vanilla-500gm
Foodland Balaklava,2025-05-04 23:57:56,Haribo Balla Stixx Strawberry,200g,N/A,$5.25,$2.62 per 100g,https://foodlandbalaklava.com.au//lines/haribo-balla-stix-sbry-200g
Foodland Balaklava,2025-05-04 23:57:56,Haribo Goldbears,150g,N/A,$4.20,$2.80 per 100g,https://foodlandbalaklava.com.au//lines/haribo-goldbears-150gm
Foodland Balaklava,2025-05-04 23:57:56,Haribo Starmix,150g,N/A,$4.20,$2.80 per 100g,https://foodlandbalaklava.com.au//lines/haribo-starmix-150gm
Foodland Balaklava,2025-05-04 23:57:56,Haribo Sweet & Sour Bears,140g,N/A,$4.20,$3.00 per 100g,https://foodlandbalaklava.com.au//lines/haribo-bears-sweet-sour-140gm
Foodland Balaklava,2025-05-04 23:57:56,Harmony Lorikeet & Honey Eater Dry Wild Bird Seed Cereal Mix Pouch,500g,N/A,$10.50,$2.10 per 100g,https://foodlandbalaklava.com.au//lines/harmony-lorikeet-h-eater-500gm
Foodland Balaklava,2025-05-04 23:57:56,Harmony Wild Bird Mi,4kg,N/A,$10.50,$0.26 per 100g,https://foodlandbalaklava.com.au//lines/harmony-lge-wld-brd-mix-4kg
Foodland Balaklava,2025-05-04 23:57:56,Harmony Wild Birds Dry Bird Seed Sunflower Seed Mi Pouch,1.5kg,N/A,$7.90,$0.53 per 100g,https://foodlandbalaklava.com.au//lines/harmony-sunflower-seed-1-5kg
Foodland Balaklava,2025-05-04 23:57:56,Harp Borax,500g,N/A,$7.70,$1.54 per 100g,https://foodlandbalaklava.com.au//lines/harp-borax-500gm
Foodland Balaklava,2025-05-04 23:57:56,Harpic Blue Power 6 Atlantic Burst 1 Unit,39g,was $7.35,$3.50,$8.97 per 100g,https://foodlandbalaklava.com.au//lines/harpic-itb-blue-water-39gm
Foodland Balaklava,2025-05-04 23:57:56,Harpic Blue Power In Cistern Block Cleaner 2 Units,N/A,was $6.30,$4.95,$4.34 per 100g,https://foodlandbalaklava.com.au//lines/harpic-foam-blue-twin-114gm
Foodland Balaklava,2025-05-04 23:57:56,Harpic Eco Fresh Eucalyptus Toilet Block Twin Pack 2 Units,N/A,was $7.35,$3.60,$1.80 Each,https://foodlandbalaklava.com.au//lines/harpic-itb-eco-frsh-euca-2pk
Foodland Balaklava,2025-05-04 23:57:56,Harpic Eco Fresh Eucalyptus Toilet Cleaner,700mL,was $10.50,$5.15,$0.74 per 100mL,https://foodlandbalaklava.com.au//lines/harpic-tlt-eco-frsh-euc-700ml
Foodland Balaklava,2025-05-04 23:57:56,Harpic Fresh Harpic Blue Power Floral Sensations 1 Unit,39g,was $7.35,$3.50,$10.00 per 100g,https://foodlandbalaklava.com.au//lines/harpic-itb-blue-water-flor35gm
Foodland Balaklava,2025-05-04 23:57:56,Harpic Fresh Power 6 Itb Tropical Blossom 1 Unit,39g,was $7.35,$3.50,$10.00 per 100g,https://foodlandbalaklava.com.au//lines/harpic-f-pwr-trop-blsm-39gm
Foodland Balaklava,2025-05-04 23:57:56,Harpic Fresh Power Atlantic Burst Toilet Block Twin Pack 2 Units,N/A,was $11.55,$5.65,$2.82 Each,https://foodlandbalaklava.com.au//lines/harpic-itb-blue-pwr-atl-bst2pk
Foodland Balaklava,2025-05-04 23:57:56,Harpic Fresh Power Tropical Blossom Toilet Block Twin Pack 2 Units,N/A,was $11.55,$5.65,$2.82 Each,https://foodlandbalaklava.com.au//lines/harpic-itb-f-pwr-trop-blssm2pk
Foodland Balaklava,2025-05-04 23:57:56,Harpic Hygienic & Fresh Sticker Adhesive Toilet Block - Lily,N/A,was $7.35,$3.60,$1.80 Each,https://foodlandbalaklava.com.au//lines/harpic-stickr-clnr-lily-2pk
Foodland Balaklava,2025-05-04 23:57:56,Harpic Hygienic & Fresh Sticker Adhesive Toilet Block - Marine,N/A,was $7.35,$3.60,$1.80 Each,https://foodlandbalaklava.com.au//lines/harpic-stickr-clnr-marine-2pk
Foodland Balaklava,2025-05-04 23:57:56,Harpic Power Plus Marine Explosion Toilet Cleaner,700mL,was $10.50,$5.15,$0.74 per 100mL,https://foodlandbalaklava.com.au//lines/harpic-tlt-cln-pwr-marine700ml
Foodland Balaklava,2025-05-04 23:57:56,Harpic Turquoise Power Toilet Block Cleaner Tropical Lagoon 1 Unit,39g,was $7.35,$3.50,$8.97 per 100g,https://foodlandbalaklava.com.au//lines/harpic-itb-turquois-oasis-39gm
Foodland Balaklava,2025-05-04 23:57:56,Harpic White & Shine Ultimate Bleach Power Citrus,450mL,N/A,$3.50,$0.78 per 100mL,https://foodlandbalaklava.com.au//lines/harpic-wht-shine-citrus-450ml
Foodland Balaklava,2025-05-04 23:57:56,Harpic White And Shine Atlantic Burst Scent Trigger,500mL,was $7.35,$3.60,$0.72 per 100mL,https://foodlandbalaklava.com.au//lines/harpic-wht-shine-spray-500ml
Foodland Balaklava,2025-05-04 23:57:56,Harris Filter Papers 10-12 Cup 40 Pack,N/A,N/A,$3.15,$0.08 Each,https://foodlandbalaklava.com.au//lines/harris-filters-10-12-cup-40s
Foodland Balaklava,2025-05-04 23:57:56,Harris Smooth Coffee Beans,1kg,was $33.60,$24.70,$2.47 per 100g,https://foodlandbalaklava.com.au//lines/harris-coff-bn-smooth-1kg
Foodland Balaklava,2025-05-04 23:57:56,Harris Smooth Ground Coffee,1kg,was $33.60,$24.70,$2.47 per 100g,https://foodlandbalaklava.com.au//lines/harris-coff-grd-smooth-1kg
Foodland Balaklava,2025-05-04 23:57:56,Harris Smooth Ground Coffee,200g,was $11.55,$9.75,$4.88 per 100g,https://foodlandbalaklava.com.au//lines/harris-coff-grd-smooth-200gm
Foodland Balaklava,2025-05-04 23:57:56,Harris Strong Coffee Beans,1kg,was $33.60,$24.70,$2.47 per 100g,https://foodlandbalaklava.com.au//lines/harris-coff-bn-strong-1kg
Foodland Balaklava,2025-05-04 23:57:56,Harris Strong Ground Coffee,200g,was $11.55,$9.75,$4.88 per 100g,https://foodlandbalaklava.com.au//lines/harris-coff-grd-strong-200gm
Foodland Balaklava,2025-05-04 23:57:56,Harris Very Strong Coffee Beans,1kg,was $33.60,$24.70,$2.47 per 100g,https://foodlandbalaklava.com.au//lines/harris-coff-bn-very-strong-1kg
Foodland Balaklava,2025-05-04 23:57:56,Harris Very Strong Ground Coffee,200g,was $11.55,$9.75,$4.88 per 100g,https://foodlandbalaklava.com.au//lines/harris-coff-grd-x-strng-200gm
Foodland Balaklava,2025-05-04 23:57:56,Hart & Soul All Natural Chicken Noodle Soup,400g,was $2.10,$1.40,$1.40 per 100mL,https://foodlandbalaklava.com.au//lines/h-soul-soup-chkn-ndle-100gm
Foodland Balaklava,2025-05-04 23:57:56,Hart & Soul All Natural Teriyaki Stir Fry Recipe Base,80g,was $2.65,$1.85,$2.31 per 100g,https://foodlandbalaklava.com.au//lines/h-soul-r-base-teriyaki-80g
Foodland Balaklava,2025-05-04 23:57:56,Hart & Soul Laksa Soup,400g,was $4.75,$4.00,$1.00 per 100g,https://foodlandbalaklava.com.au//lines/hart-soul-laska-soup-pouch-400g
Foodland Balaklava,2025-05-04 23:57:56,Hart & Soul No Nasties Satay Curry,80g,was $2.65,$1.85,$2.31 per 100g,https://foodlandbalaklava.com.au//lines/h-soul-r-base-chic-satay-80g
Foodland Balaklava,2025-05-04 23:57:56,Harvest Braised Steak And Onion,425g,was $5.25,$4.90,$1.15 per 100g,https://foodlandbalaklava.com.au//lines/harvest-onion-br-steak-425gm
Foodland Balaklava,2025-05-04 23:57:56,Harvest Hearty Irish Stew,425g,was $5.25,$4.90,$1.15 per 100g,https://foodlandbalaklava.com.au//lines/harvest-irish-stew-425gm
Foodland Balaklava,2025-05-04 23:57:56,Harvest Snap Orig Slt,230g,was $8.20,$6.00,$2.61 per 100g,https://foodlandbalaklava.com.au//lines/harvest-snap-orig-slt-230gm
Foodland Balaklava,2025-05-04 23:57:56,Harvey Barely Sugar Drops,200g,N/A,$4.50,$2.25 per 100g,https://foodlandbalaklava.com.au//lines/cavendish-harvey-barley-sugar-200g
Foodland Balaklava,2025-05-04 23:57:56,Hat Childrens W/ Pom Pom,N/A,was $12.00,$11.00,N/A,https://foodlandbalaklava.com.au//lines/hat-childrens-w-pom-pom
Foodland Balaklava,2025-05-04 23:57:56,Hat Kids Novelty,N/A,was $10.00,$6.00,N/A,https://foodlandbalaklava.com.au//lines/hat-kids-novelty
Foodland Balaklava,2025-05-04 23:57:56,Hat Women Knitted Pom Pom,N/A,was $10.00,$7.00,N/A,https://foodlandbalaklava.com.au//lines/hat-women-knitted-pom-pom
Foodland Balaklava,2025-05-04 23:57:56,Head & Shoulders Head And Shoulders 2in1 Shampoo & Conditioner Anti Dandruff Itchy Scalp Care,350mL,N/A,$15.75,$4.50 per 100mL,https://foodlandbalaklava.com.au//lines/head-shldr-2in1-itch-sclp350ml
Foodland Balaklava,2025-05-04 23:57:56,Head & Shoulders Head And Shoulders Conditioner Anti Dandruff Clean & Balanced,400mL,N/A,$15.75,$3.94 per 100mL,https://foodlandbalaklava.com.au//lines/head-shldr-cond-cln-bal-400ml
Foodland Balaklava,2025-05-04 23:57:56,Head & Shoulders Head And Shoulders Conditioner Anti Dandruff Smooth & Silky,400mL,N/A,$15.75,$3.94 per 100mL,https://foodlandbalaklava.com.au//lines/head-shldr-cond-smth-slk-400ml
Foodland Balaklava,2025-05-04 23:57:58,Head & Shoulders Head And Shoulders Conditioner Anti Dandruff Smooth & Silky,660mL,N/A,$21.00,$3.18 per 100mL,https://foodlandbalaklava.com.au//lines/head-shldr-cond-smth-slk-660ml
Foodland Balaklava,2025-05-04 23:57:58,Head & Shoulders Head And Shoulders Shampoo Anti Dandruff Clean & Balanced,200mL,N/A,$5.00,$2.50 per 100mL,https://foodlandbalaklava.com.au//lines/head-shldr-s-poo-cln-bal-200ml
Foodland Balaklava,2025-05-04 23:57:58,Head & Shoulders Head And Shoulders Shampoo Anti Dandruff Clean & Balanced,400mL,N/A,$15.75,$3.94 per 100mL,https://foodlandbalaklava.com.au//lines/head-shldr-s-poo-cln-bal-400ml
Foodland Balaklava,2025-05-04 23:57:58,Head & Shoulders Head And Shoulders Shampoo Anti Dandruff Clean & Balanced,660mL,N/A,$21.00,$3.18 per 100mL,https://foodlandbalaklava.com.au//lines/head-shldr-s-poo-cln-bal-660ml
Foodland Balaklava,2025-05-04 23:57:58,Head & Shoulders Head And Shoulders Shampoo Anti Dandruff Dry Scalp Care,400mL,N/A,$15.75,$3.94 per 100mL,https://foodlandbalaklava.com.au//lines/head-shldr-s-poo-dry-sclp400ml
Foodland Balaklava,2025-05-04 23:57:58,Head & Shoulders Head And Shoulders Shampoo Anti Dandruff Smooth & Silky,400mL,N/A,$15.75,$3.94 per 100mL,https://foodlandbalaklava.com.au//lines/head-shldr-s-poo-smth-slk400ml
Foodland Balaklava,2025-05-04 23:57:58,Head & Shoulders Head And Shoulders Shampoo Anti Dandruff Smooth & Silky,660mL,N/A,$21.00,$3.18 per 100mL,https://foodlandbalaklava.com.au//lines/head-shldr-s-poo-smth-slk660ml
Foodland Balaklava,2025-05-04 23:57:58,Head & Shoulders Head And Shoulders Ultra Men 2in1 Shampoo Anti Dandruff Old Spice,400mL,N/A,$16.00,$4.00 per 100mL,https://foodlandbalaklava.com.au//lines/head-shldr-u-men-old-spce400ml
Foodland Balaklava,2025-05-04 23:57:58,Head & Shoulders Head And Shoulders Ultramen 2in1 Shampoo And Conditioner Anti Dandruff Deep Clean,400mL,N/A,$16.00,$4.00 per 100mL,https://foodlandbalaklava.com.au//lines/head-shldr-u-men-deep-cln400ml
Foodland Balaklava,2025-05-04 23:57:58,Healtheries Potato Stix Chicken Multipack Chips Lunchbox Friendly Kids Snacks,120g,N/A,$5.25,$4.38 per 100g,https://foodlandbalaklava.com.au//lines/healthrs-pot-stix-chickn6x20gm
Foodland Balaklava,2025-05-04 23:57:58,Healtheries Potato Stix Roast Potato Multipack Chips Lunchbox Friendly Kids Snacks,120g,N/A,$5.25,$4.38 per 100g,https://foodlandbalaklava.com.au//lines/healthrs-potstix-roast-6x20gm
Foodland Balaklava,2025-05-04 23:57:58,Healthy Garden Old Fashinoned Rolled Oats,500g,N/A,$4.20,$8.40 per kg,https://foodlandbalaklava.com.au//lines/h-garden-rolled-oats-500g
Foodland Balaklava,2025-05-04 23:57:58,Heart And Soul Coconut & Pumpkin Soup,400g,was $4.75,$4.00,$1.00 per 100g,https://foodlandbalaklava.com.au//lines/h-soul-soup-coco-pumpkin-400gm
Foodland Balaklava,2025-05-04 23:57:58,Heat Beads BBQ Briquettes,4kg,N/A,$13.15,N/A,https://foodlandbalaklava.com.au//lines/heat-beads-bbq-fuel-4kg
Foodland Balaklava,2025-05-04 23:57:58,Heat Beads Easy Lite,3kg,N/A,$14.65,$0.49 per 100g,https://foodlandbalaklava.com.au//lines/heat-beads-bbq-fuel-esylite3kg
Foodland Balaklava,2025-05-04 23:57:58,Heavenly Dipping Sauce,N/A,N/A,$3.20,$4.92 per 100g,https://foodlandbalaklava.com.au//lines/heavenly-dipping-sauce
Foodland Balaklava,2025-05-04 23:57:58,Heavy Duty,N/A,N/A,$13.95,N/A,https://foodlandbalaklava.com.au//lines/heavy-duty
Foodland Balaklava,2025-05-04 23:57:58,Heinz Baby Basics Bottle & Teat Brush 2in1,N/A,N/A,$8.40,N/A,https://foodlandbalaklava.com.au//lines/heinz-baby-b-bottle-teat-brush
Foodland Balaklava,2025-05-04 23:57:58,Heinz Baby Basics First Feeding Spoons 6+​M 2 Pack,N/A,N/A,$5.80,$2.90 Each,https://foodlandbalaklava.com.au//lines/heinz-baby-b-1st-feed-spns-2pk
Foodland Balaklava,2025-05-04 23:57:58,Heinz Baby Basics Free Flow Cup Non-Spill + 180ml,6m,N/A,$7.35,N/A,https://foodlandbalaklava.com.au//lines/heinz-bb-cup-free-flow
Foodland Balaklava,2025-05-04 23:57:58,Heinz Baby Basics Soft Tip Weaning Spoons + 2 Pack,4m,N/A,$5.55,$2.78 Each,https://foodlandbalaklava.com.au//lines/heinz-baby-b-weaning-spns-2pk
Foodland Balaklava,2025-05-04 23:57:58,Heinz Beanz® Peri Peri Flavour,300g,was $3.05,$1.75,$0.58 per 100g,https://foodlandbalaklava.com.au//lines/hnz-baked-beans-peri-300g
Foodland Balaklava,2025-05-04 23:57:58,Heinz Beanz® The One For All English Recipe,555g,was $3.80,$2.90,$0.52 per 100g,https://foodlandbalaklava.com.au//lines/hnz-baked-beans-enlg-rcp-555gm
Foodland Balaklava,2025-05-04 23:57:58,Heinz Beanz® The One For All In Ham Sauce,555g,was $3.80,$2.90,$0.52 per 100g,https://foodlandbalaklava.com.au//lines/hnz-baked-beans-h-sce-555gm
Foodland Balaklava,2025-05-04 23:57:58,Heinz Beanz® The One For All Salt Reduced,555g,was $3.80,$2.90,$0.52 per 100g,https://foodlandbalaklava.com.au//lines/hnz-baked-beans-t-sce-s-r555gm
Foodland Balaklava,2025-05-04 23:57:58,Heinz Beanz® The One For One No Added Sugar Value Pack,3 x 220g,N/A,$5.20,$0.79 per 100g,https://foodlandbalaklava.com.au//lines/hnz-baked-beans-nas-3x220gm
Foodland Balaklava,2025-05-04 23:57:58,Heinz For Baby® Beef Bolognese & Vegetables 6+ Months,120g,N/A,$1.60,$1.33 per 100g,https://foodlandbalaklava.com.au//lines/hnz-beef-bologn-veg-120gm
Foodland Balaklava,2025-05-04 23:57:58,Heinz For Baby® Golden Sweetcorn & Chicken 6+ Months,120g,N/A,$1.60,$1.33 per 100g,https://foodlandbalaklava.com.au//lines/hnz-swt-corn-chicken-120gm
Foodland Balaklava,2025-05-04 23:57:58,Heinz For Baby® Pumpkin Potato & Beef 6+ Months,120g,N/A,$1.60,$1.33 per 100g,https://foodlandbalaklava.com.au//lines/hnz-pump-potato-beef-120gm
Foodland Balaklava,2025-05-04 23:57:58,Heinz Soup Of The Day® Creamy Mushroom With A Hint Of Thyme,430g,was $4.75,$4.15,$0.97 per 100g,https://foodlandbalaklava.com.au//lines/hnz-soup-sotd-mushroom-430gm
Foodland Balaklava,2025-05-04 23:57:58,Heinz Soup Of The Day™ Green Pea With Ham Soup,430g,was $4.75,$4.15,$0.97 per 100g,https://foodlandbalaklava.com.au//lines/hnz-soup-sotd-pea-ham-430gm
Foodland Balaklava,2025-05-04 23:57:58,"Heinz Soup Of The Day™ Tomato, Vegetable & Lentil Soup",430g,was $4.75,$4.15,$0.97 per 100g,https://foodlandbalaklava.com.au//lines/hnz-soup-sotd-tomato-veg-430gm
Foodland Balaklava,2025-05-04 23:57:58,"Heinz Steam Fresh® Beans, Broccoli & Sugarsnap Peas",450g,N/A,$4.00,$8.89 per kg,https://foodlandbalaklava.com.au//lines/hnz-s-frsh-bea-broc-ssnp-450gm
Foodland Balaklava,2025-05-04 23:57:58,"Heinz Steam Fresh® Broccoli, Carrots & Cauliflower",450g,N/A,$4.00,$8.89 per kg,https://foodlandbalaklava.com.au//lines/hnz-s-frsh-broc-car-caul-450gm
Foodland Balaklava,2025-05-04 23:57:58,"Heinz Steam Fresh® Broccoli, Carrots & Sugarsnap Peas",450g,N/A,$4.00,$8.89 per kg,https://foodlandbalaklava.com.au//lines/hnz-s-frsh-broc-cr-snpea-450gm
Foodland Balaklava,2025-05-04 23:57:58,"Heinz Steam Fresh® Carrots, Corn & Broccoli",450g,N/A,$4.00,$8.89 per kg,https://foodlandbalaklava.com.au//lines/hnz-s-frsh-car-corn-broc-450gm
Foodland Balaklava,2025-05-04 23:57:58,Heinz® Apple Baby Food Jar 4+ Months,110g,N/A,$1.20,$1.09 per 100g,https://foodlandbalaklava.com.au//lines/hnz-str-apple-110gm
Foodland Balaklava,2025-05-04 23:57:58,Heinz® Baby Peas,500g,N/A,$4.00,$8.00 per kg,https://foodlandbalaklava.com.au//lines/hnz-peas-baby-500gm
Foodland Balaklava,2025-05-04 23:57:58,Heinz® Big Red® Salt Reduced† Condensed Tomato Soup,420g,was $2.65,$2.00,$0.48 per 100g,https://foodlandbalaklava.com.au//lines/hnz-soup-tomato-slt-red-420gm
Foodland Balaklava,2025-05-04 23:57:58,"Heinz® Big'n Chunky Bacon, Steak, Potato Soup",535g,was $4.60,$2.20,$0.41 per 100g,https://foodlandbalaklava.com.au//lines/hnz-soup-chky-pot-bacon-535gm
Foodland Balaklava,2025-05-04 23:57:58,Heinz® Big'n Chunky Beef & Veggies,535g,was $4.60,$2.20,$0.41 per 100g,https://foodlandbalaklava.com.au//lines/hnz-soup-chky-beef-veg-535gm
Foodland Balaklava,2025-05-04 23:57:58,Heinz® Big'n Chunky Beef Stockpot Soup,535g,was $4.60,$2.20,$0.41 per 100g,https://foodlandbalaklava.com.au//lines/hnz-soup-chky-beef-s-pot-535gm
Foodland Balaklava,2025-05-04 23:57:58,Heinz® Big'n Chunky Chicken & Corn Soup,535g,was $4.60,$2.20,$0.41 per 100g,https://foodlandbalaklava.com.au//lines/hnz-soup-chky-ckn-corn-535gm
Foodland Balaklava,2025-05-04 23:57:58,Heinz® Big'n Chunky Chilli Beef Soup,520g,was $4.60,$2.20,$0.42 per 100g,https://foodlandbalaklava.com.au//lines/hnz-soup-chky-chilli-beef520gm
Foodland Balaklava,2025-05-04 23:57:58,Heinz® Broad Beans,500g,N/A,$4.00,$8.00 per kg,https://foodlandbalaklava.com.au//lines/hnz-broad-beans-500gm
Foodland Balaklava,2025-05-04 23:57:58,Heinz® Chicken Lite Mayo*,85g,was $2.50,$2.00,$23.53 per kg,https://foodlandbalaklava.com.au//lines/hnz-shrd-chkn-mayo-85gm
Foodland Balaklava,2025-05-04 23:57:58,Heinz® Chicken Mustard Mayo,85g,was $2.50,$2.00,$23.53 per kg,https://foodlandbalaklava.com.au//lines/hnz-shrd-chkn-mustd-mayo-85gm
Foodland Balaklava,2025-05-04 23:57:58,Heinz® Chicken Sweet Chilli,85g,was $2.50,$2.00,$23.53 per kg,https://foodlandbalaklava.com.au//lines/hnz-shrd-chkn-swt-chilli-85gm
Foodland Balaklava,2025-05-04 23:57:59,Heinz® Chilli Beanz Medium,420g,was $4.10,$2.50,$0.60 per 100g,https://foodlandbalaklava.com.au//lines/hnz-beans-chilli-med-420gm
Foodland Balaklava,2025-05-04 23:57:59,Heinz® Classic Country Chicken Soup,535g,was $4.60,$2.20,$0.41 per 100g,https://foodlandbalaklava.com.au//lines/hnz-soup-cls-country-chkn535gm
Foodland Balaklava,2025-05-04 23:57:59,Heinz® Classic Creamy Pumpkin Soup,535g,was $4.60,$2.20,$0.41 per 100g,https://foodlandbalaklava.com.au//lines/hnz-soup-cls-crmy-pumpkin535gm
Foodland Balaklava,2025-05-04 23:57:59,Heinz® Classic Hearty Vegetable Soup,535g,was $4.60,$2.20,$0.41 per 100g,https://foodlandbalaklava.com.au//lines/hnz-soup-cls-hearty-veg-535gm
Foodland Balaklava,2025-05-04 23:57:59,Heinz® Classic Italian Minestrone Soup,535g,was $4.60,$2.20,$0.41 per 100g,https://foodlandbalaklava.com.au//lines/hnz-soup-cls-ital-mstrone535gm
Foodland Balaklava,2025-05-04 23:57:59,Heinz® Classic Pea & Ham Soup,535g,was $4.60,$2.20,$0.41 per 100g,https://foodlandbalaklava.com.au//lines/hnz-soup-cls-pea-ham-535gm
Foodland Balaklava,2025-05-04 23:57:59,Heinz® Classic Winter Vegetable Soup,535g,was $4.60,$2.20,$0.41 per 100g,https://foodlandbalaklava.com.au//lines/hnz-soup-cls-winter-veg-535gm
Foodland Balaklava,2025-05-04 23:57:59,Heinz® Creamy Banana Porridge + Months,110g,N/A,$1.20,$1.09 per 100g,https://foodlandbalaklava.com.au//lines/hnz-a-a-gls-crmyban-porig110gm
Foodland Balaklava,2025-05-04 23:57:59,Heinz® For One Baked Beans In Tomato Sauce Value Pack,3 x 220g,N/A,$5.20,$0.79 per 100g,https://foodlandbalaklava.com.au//lines/hnz-baked-beans-tom-sc-3x220gm
Foodland Balaklava,2025-05-04 23:57:59,"Heinz® Lamb, Pumpkin + Sweet Potato 6+ Months",170g,was $2.40,$1.60,$0.94 per 100g,https://foodlandbalaklava.com.au//lines/hnz-lamb-pumpkin-sw-potat170gm
Foodland Balaklava,2025-05-04 23:57:59,Heinz® Little Kids Chickpea Puffs With Carrot & Broccoli Flavours,12g,N/A,$2.20,$18.33 per 100g,https://foodlandbalaklava.com.au//lines/hnz-l-k-c-pea-puf-car-broc12gm
Foodland Balaklava,2025-05-04 23:57:59,Heinz® Little Kids Lentil Puffs With Tomato And Carrot Flavours,12g,N/A,$2.20,$18.33 per 100g,https://foodlandbalaklava.com.au//lines/hnz-l-k-lentl-puf-tom-car-12gm
Foodland Balaklava,2025-05-04 23:57:59,Heinz® Little Kids® Brekky To Go Banana Mango Muesli With Greek Style Yoghurt,150g,N/A,$1.60,$1.07 per 100g,https://foodlandbalaklava.com.au//lines/hnz-l-k-mus-ban-mng-yog-150gm
Foodland Balaklava,2025-05-04 23:57:59,Heinz® Little Kids® Vanilla Custard,120g,N/A,$1.60,$1.33 per 100g,https://foodlandbalaklava.com.au//lines/hnz-l-k-cust-van-snack-120gm
Foodland Balaklava,2025-05-04 23:57:59,Heinz® Little Treats Banana Custard 6+ Months,120g,N/A,$1.60,$1.33 per 100g,https://foodlandbalaklava.com.au//lines/hnz-simply-banana-cust-pch120g
Foodland Balaklava,2025-05-04 23:57:59,Heinz® Pear Baby Food Jar 4+ Months,110g,N/A,$1.20,$1.09 per 100g,https://foodlandbalaklava.com.au//lines/hnz-fruity-pears-110gm
Foodland Balaklava,2025-05-04 23:57:59,Heinz® Pumpkin & Potato + Beef Baby 4+ Months,110g,N/A,$1.20,$1.09 per 100g,https://foodlandbalaklava.com.au//lines/hnz-str-pumpkin-pot-beef-110gm
Foodland Balaklava,2025-05-04 23:57:59,Heinz® Ravioli Ricotta With Rich Bolognese & Garlic,350g,N/A,$5.30,$1.51 per 100g,https://foodlandbalaklava.com.au//lines/hnz-ravioli-bologn-gar-350gm
Foodland Balaklava,2025-05-04 23:57:59,Heinz® Rigatoni With Creamy Carbonara,350g,N/A,$5.55,$1.59 per 100g,https://foodlandbalaklava.com.au//lines/hnz-rigatoni-crmy-carbnra350gm
Foodland Balaklava,2025-05-04 23:57:59,"Heinz® Smoothie Banana, Pear & Oat + Greek Style Yoghurt 8+ Months",120g,N/A,$1.60,$1.33 per 100g,https://foodlandbalaklava.com.au//lines/hnz-smth-ban-oat-ygt-8m-120gm
Foodland Balaklava,2025-05-04 23:57:59,Heinz® Spaghetti The Lil' One Multipack,4 x 130g,N/A,$6.00,$1.15 per 100g,https://foodlandbalaklava.com.au//lines/hnz-spaghetti-mp4-4x130gm
Foodland Balaklava,2025-05-04 23:57:59,Heinz® Spaghetti The One For One,220g,N/A,$2.10,$0.95 per 100g,https://foodlandbalaklava.com.au//lines/hnz-spaghetti-t-sce-chse-220gm
Foodland Balaklava,2025-05-04 23:57:59,Heinz® Tomato Ketchup 50% Less Added Sugar & Salt*,500mL,N/A,$5.25,$1.05 per 100mL,https://foodlandbalaklava.com.au//lines/hnz-sce-ketchup-tom-r-sug500ml
Foodland Balaklava,2025-05-04 23:57:59,Heinz® Tomato Ketchup Pickle Flavoured,500mL,N/A,$5.25,$1.05 per 100mL,https://foodlandbalaklava.com.au//lines/hnz-sce-ketchup-pickle-500ml
Foodland Balaklava,2025-05-04 23:57:59,Heinz® Tortellini Three Cheese With Creamy Pumpkin & Roasted Garlic,350g,N/A,$5.55,$1.59 per 100g,https://foodlandbalaklava.com.au//lines/hnz-tortellini-crm-pmkn-350gm
Foodland Balaklava,2025-05-04 23:57:59,Heinz® Tortellini Three Cheese With Sun-Dried Tomato & Bacon,350g,N/A,$5.55,$1.59 per 100g,https://foodlandbalaklava.com.au//lines/hnz-tortellini-tom-bcn-350gm
Foodland Balaklava,2025-05-04 23:57:59,Heinz® [​Seriously] Good® Caramelised Onion Aioli,295mL,was $5.80,$5.20,$1.76 per 100mL,https://foodlandbalaklava.com.au//lines/hnz-aioli-sg-crml-onion-295ml
Foodland Balaklava,2025-05-04 23:57:59,Heinz® [​Seriously] Good® Margherita Pizza Mayonnaise,295mL,was $5.80,$5.20,$1.76 per 100mL,https://foodlandbalaklava.com.au//lines/hnz-mayo-sg-margh-pizza-295ml
Foodland Balaklava,2025-05-04 23:57:59,Heinz® [​Seriously] Good™ Garlic Aioli,295mL,was $5.80,$5.20,$1.76 per 100mL,https://foodlandbalaklava.com.au//lines/hnz-mayo-aioli-sqz-295ml
Foodland Balaklava,2025-05-04 23:57:59,Heinz® [​Seriously] Good™ Spicy Peri Peri Mayonnaise,295mL,was $5.80,$5.20,$1.76 per 100mL,https://foodlandbalaklava.com.au//lines/hnz-mayo-peri-peri-sqz-295ml
Foodland Balaklava,2025-05-04 23:57:59,Helga's Bakehouse Country Grain,750g,was $7.55,$6.50,$0.87 per 100g,https://foodlandbalaklava.com.au//lines/helga-s-cftd-country-grain-750g
Foodland Balaklava,2025-05-04 23:57:59,Helga's Low Calorie White Bread,450g,was $6.50,$5.00,$1.11 per 100g,https://foodlandbalaklava.com.au//lines/helga-brd-low-cal-white-450g
Foodland Balaklava,2025-05-04 23:57:59,Helga's Lower Carb 5 Seeds Sliced Bread,700g,N/A,$5.40,$0.77 per 100g,https://foodlandbalaklava.com.au//lines/helga-brd-l-crb-5-seed-700gm
Foodland Balaklava,2025-05-04 23:57:59,Helga's Lower Carb Soy & Toasted Sesame Sliced Bread,700g,N/A,$5.40,$0.77 per 100g,https://foodlandbalaklava.com.au//lines/helga-brd-l-crb-sesame-700gm
Foodland Balaklava,2025-05-04 23:57:59,Helga's Sourdough,445g,N/A,$5.50,$1.24 per 100g,https://foodlandbalaklava.com.au//lines/helga-wrap-sourdough-445g
Foodland Balaklava,2025-05-04 23:57:59,Helga's Traditional Mixed Grain Sliced Bread Mini Loaf,415g,was $4.00,$3.90,$0.94 per 100g,https://foodlandbalaklava.com.au//lines/helgas-mini-loaf-grain-oats-416gm
Foodland Balaklava,2025-05-04 23:57:59,Helgas Gluten Free Traditional White Sliced Bread Mini Loaf,470g,N/A,$7.50,$1.60 per 100g,https://foodlandbalaklava.com.au//lines/helga-loaf-g-f-trad-whte-470gm
Foodland Balaklava,2025-05-04 23:57:59,Helgas Peri Peri Wraps,445g,N/A,$5.50,$1.24 per 100g,https://foodlandbalaklava.com.au//lines/helga-wrap-portgse-peri-445gm
Foodland Balaklava,2025-05-04 23:57:59,Helgas Protein White Bread,750g,was $6.80,$5.60,$0.75 per 100g,https://foodlandbalaklava.com.au//lines/helga-brd-prot-white-750g
Foodland Balaklava,2025-05-04 23:57:59,Helgas Protein Wholemeal Bread,750g,was $6.80,$5.60,$0.75 per 100g,https://foodlandbalaklava.com.au//lines/helga-brd-prot-w-meal-750gm
Foodland Balaklava,2025-05-04 23:57:59,Helgas Sweet Potato Wraps 7pk,N/A,N/A,$5.50,$1.24 per 100g,https://foodlandbalaklava.com.au//lines/helga-wrap-swt-pot-7pk-445gm
Foodland Balaklava,2025-05-04 23:57:59,Helga’​S Mediterranean Herb Wraps,N/A,N/A,$5.50,$1.24 per 100g,https://foodlandbalaklava.com.au//lines/helga-wrp-medtrn-hrb-pk7-445g
Foodland Balaklava,2025-05-04 23:57:59,Hell Iced Coffee Double Espresso,250mL,N/A,$4.25,$1.70 per 100mL,https://foodlandbalaklava.com.au//lines/hell-i-coffee-dbl-espresso-250ml
Foodland Balaklava,2025-05-04 23:57:59,Hellmann's Peri-Peri Mayonnaise With A Chilli Kick Squeeze Mayo Made With Free-Range Eggs,252g,was $6.30,$3.10,$1.23 per 100g,https://foodlandbalaklava.com.au//lines/h-manns-mayo-peri-peri-252gm
Foodland Balaklava,2025-05-04 23:57:59,Hellmann's Real Mayonnaise Mayo,800g,N/A,$11.00,$1.38 per 100g,https://foodlandbalaklava.com.au//lines/h-manns-mayo-jar-real-800gm
Foodland Balaklava,2025-05-04 23:57:59,"Hellmann's Real Mayonnaise Mayo Ideal With Fries, Burgers And Salads Jar With Free Range Eggs And Sustainably Sourced Oils",400g,N/A,$7.90,$1.98 per 100g,https://foodlandbalaklava.com.au//lines/h-manns-mayo-real-400gm
Foodland Balaklava,2025-05-04 23:57:59,"Hellmann's Real Mayonnaise Mayo Ideal With Fries, Burgers And Salads Squeeze With Whole Egg And Sustainably Sourced Oils",235g,was $6.30,$5.15,$2.19 per 100g,https://foodlandbalaklava.com.au//lines/h-manns-mayo-real-235gm
Foodland Balaklava,2025-05-04 23:57:59,"Hellmann's Real Mayonnaise Mayo Ideal With Fries, Burgers And Salads Squeeze With Whole Egg And Sustainably Sourced Oils",400g,N/A,$8.40,$2.10 per 100g,https://foodlandbalaklava.com.au//lines/h-manns-mayo-real-squeeze-400gm
Foodland Balaklava,2025-05-04 23:58:00,Hello Kitty Body Spray Juicy Grape,75g,N/A,$5.75,$7.67 per 100g,https://foodlandbalaklava.com.au//lines/hello-kitty-juicy-grape-75g
Foodland Balaklava,2025-05-04 23:58:00,Herb Pork Belly Roll,N/A,N/A,$25.00,N/A,https://foodlandbalaklava.com.au//lines/herb-pork-belly-roll-1
Foodland Balaklava,2025-05-04 23:58:00,Herbal Essences Classic Coconut Hydrating Conditioner,400mL,N/A,$11.05,$2.76 per 100mL,https://foodlandbalaklava.com.au//lines/herb-ess-cond-coconut-400ml
Foodland Balaklava,2025-05-04 23:58:00,Herbal Essences Classic Coconut Hydrating Shampoo,400mL,N/A,$11.05,$2.76 per 100mL,https://foodlandbalaklava.com.au//lines/herb-ess-s-poo-coconut-400ml
Foodland Balaklava,2025-05-04 23:58:00,Herbal Essences Conditioner Repair Argan Oil Of Morocco,400mL,N/A,$14.20,$3.55 per 100mL,https://foodlandbalaklava.com.au//lines/herb-ess-cond-argan-oil-400ml
Foodland Balaklava,2025-05-04 23:58:00,Herbal Essences Conditioner Repair Argan Oil Of Morocco,600mL,N/A,$19.00,$3.17 per 100mL,https://foodlandbalaklava.com.au//lines/herb-ess-cond-bio-renew-600ml
Foodland Balaklava,2025-05-04 23:58:00,Herbal Essences Conditioner Replenishing Rosehips,400mL,N/A,$11.05,$2.76 per 100mL,https://foodlandbalaklava.com.au//lines/herb-ess-cond-replen-400ml
Foodland Balaklava,2025-05-04 23:58:00,Herbal Essences Shampoo Repair Argan Oil Of Morocco,400mL,N/A,$14.20,$3.55 per 100mL,https://foodlandbalaklava.com.au//lines/herb-ess-s-poo-argan-oil-400ml
Foodland Balaklava,2025-05-04 23:58:00,Herbal Essences Shampoo Replenishing Rosehips,400mL,N/A,$11.05,$2.76 per 100mL,https://foodlandbalaklava.com.au//lines/herb-ess-s-poo-replen-400ml
Foodland Balaklava,2025-05-04 23:58:00,Herbalicious Basil,15g,N/A,$2.99,$19.93 per 100g,https://foodlandbalaklava.com.au//lines/gourmet-basil-115g-1
Foodland Balaklava,2025-05-04 23:58:00,Herbalicious Coriander,15g,N/A,$2.99,$19.93 per 100g,https://foodlandbalaklava.com.au//lines/herbalicious-coriander-15g
Foodland Balaklava,2025-05-04 23:58:00,Herbalicious Dill,15g,N/A,$2.99,$19.93 per 100g,https://foodlandbalaklava.com.au//lines/f-choice-pp-herb-dill-15g
Foodland Balaklava,2025-05-04 23:58:00,Herbalicious Mint,15g,N/A,$2.99,$19.93 per 100g,https://foodlandbalaklava.com.au//lines/herbalicious-mint-15g
Foodland Balaklava,2025-05-04 23:58:00,Herbalicious Oregano,15g,N/A,$2.99,$19.93 per 100g,https://foodlandbalaklava.com.au//lines/herbalicious-oregano-15g
Foodland Balaklava,2025-05-04 23:58:00,Herbalicious Rosemary,15g,N/A,$2.99,$19.93 per 100g,https://foodlandbalaklava.com.au//lines/f-choice-pp-hrbs-rosemary-30g
Foodland Balaklava,2025-05-04 23:58:00,Herbalicious Sage,15g,N/A,$2.99,$19.93 per 100g,https://foodlandbalaklava.com.au//lines/herbalicious-sage-15g
Foodland Balaklava,2025-05-04 23:58:00,Herbalicious Thyme,15g,N/A,$2.99,$19.93 per 100g,https://foodlandbalaklava.com.au//lines/herbalicious-thyme-15g
Foodland Balaklava,2025-05-04 23:58:00,Herbert Adams Gourmet 8 Hour Slow-Cooked Chunky Sous Vide Beef & Peppercorn,400g,N/A,$10.00,$2.50 per 100g,https://foodlandbalaklava.com.au//lines/adams-pies-s-c-bf-peper-400gm
Foodland Balaklava,2025-05-04 23:58:00,Herbert Adams Gourmet 8 Hour Slow-Cooked Chunky Sous Vide Beef In Rich Gravy Pie,400g,N/A,$10.00,$2.50 per 100g,https://foodlandbalaklava.com.au//lines/adams-pies-bf-chnky-s-c-400g
Foodland Balaklava,2025-05-04 23:58:00,Herbert Adams Gourmet 8 Hour Slow-Cooked Selection Chunky Sous Vide Beef & Mushroom,400g,N/A,$10.00,$2.50 per 100g,https://foodlandbalaklava.com.au//lines/adams-pie-bf-m-rm-chnky-400g
Foodland Balaklava,2025-05-04 23:58:00,Herbert Adams Gourmet Baker's Selection Chicken & Leek In Creamy Camembert Sauce,420g,N/A,$10.00,$2.38 per 100g,https://foodlandbalaklava.com.au//lines/adams-pie-cr-chic-leek-2s-420g
Foodland Balaklava,2025-05-04 23:58:00,Herbert Adams Gourmet King Island Beef Slow-Cooked King Island Beef In Rich Gravy,420g,N/A,$10.00,$2.38 per 100g,https://foodlandbalaklava.com.au//lines/adams-pie-k-isl-bf-2s-420gm
Foodland Balaklava,2025-05-04 23:58:00,Herc C/​Zip Sand Bags 40's,N/A,was $2.59,$2.05,$0.05 Each,https://foodlandbalaklava.com.au//lines/hercules-clickzip-s-wch-v-p40s
Foodland Balaklava,2025-05-04 23:58:00,Hermesetas Granulated Sweetener Jar,90g,N/A,$6.45,$7.17 per 100g,https://foodlandbalaklava.com.au//lines/hermes-fructofb-gran-jar-90gm
Foodland Balaklava,2025-05-04 23:58:00,Hermesetas Mini Sweeteners 300 Tablets,N/A,N/A,$4.50,$1.50 per 100g,https://foodlandbalaklava.com.au//lines/hermesetas-original-300s
Foodland Balaklava,2025-05-04 23:58:00,Herron Blue Ibuprofen 200mg - 16 Blister Pack,N/A,was $4.70,$4.10,$0.16 Each,https://foodlandbalaklava.com.au//lines/herron-ibprfn-blue-tabsule-16s
Foodland Balaklava,2025-05-04 23:58:00,Herron P/​Cetamol Caplets 16s,N/A,was $4.10,$3.60,$0.18 Each,https://foodlandbalaklava.com.au//lines/herron-p-cetamol-caplets-16s
Foodland Balaklava,2025-05-04 23:58:00,Herron Sennesoft Natural Laxative Plus Softener 100 Tablets,N/A,was $9.40,$8.75,$8.75 Units100,https://foodlandbalaklava.com.au//lines/herron-sennesoft-laxatve-100s
Foodland Balaklava,2025-05-04 23:58:00,Hershey's Choco Balls Cookies 'N' Crè​me,120g,was $6.30,$4.80,$4.00 per 100g,https://foodlandbalaklava.com.au//lines/hersheys-ckies-crm-balls-120gm
Foodland Balaklava,2025-05-04 23:58:00,Hershey's Cookies N Creme Block,170g,was $7.35,$6.00,$3.53 per 100g,https://foodlandbalaklava.com.au//lines/hersheys-ckies-crm-blk-170g
Foodland Balaklava,2025-05-04 23:58:00,Hersheys Chocolate & Caramel Ice Cream,1L,was $10.50,$9.75,$0.98 per 100mL,https://foodlandbalaklava.com.au//lines/hersheys-i-crm-choc-carml-1l
Foodland Balaklava,2025-05-04 23:58:00,Hersheys Cookies 'N' Creme Salted Caramel Choco Balls,120g,was $6.30,$4.80,$4.00 per 100g,https://foodlandbalaklava.com.au//lines/hersheys-slt-carml-balls-120g
Foodland Balaklava,2025-05-04 23:58:00,Hershey’​S Choc Mint Ice Cream,1L,was $10.50,$9.75,$0.98 per 100mL,https://foodlandbalaklava.com.au//lines/hersheys-i-crm-choc-mint-1l
Foodland Balaklava,2025-05-04 23:58:00,Hershey’​S Chocolate Ripple Ice Cream,1L,was $10.50,$9.75,$0.98 per 100mL,https://foodlandbalaklava.com.au//lines/hersheys-i-crm-mlk-choc-1l
Foodland Balaklava,2025-05-04 23:58:00,Hershey’​S Cookies & Cream Ice Cream,1L,was $10.50,$9.75,$0.98 per 100mL,https://foodlandbalaklava.com.au//lines/hersheys-i-crm-ckie-crm-1l
Foodland Balaklava,2025-05-04 23:58:00,Hi Bounce Balls,N/A,N/A,$5.49,N/A,https://foodlandbalaklava.com.au//lines/hi-bounce-balls-2-pack
Foodland Balaklava,2025-05-04 23:58:00,Hi Fresh Baby Spinach,120g,N/A,$3.49,$29.08 per kg,https://foodlandbalaklava.com.au//lines/hi-fresh-baby-spinach-120gm
Foodland Balaklava,2025-05-04 23:58:00,Hi Fresh Coleslaw Mix,300g,N/A,$3.50,$1.17 per 100g,https://foodlandbalaklava.com.au//lines/hi-fresh-coleslaw-300g
Foodland Balaklava,2025-05-04 23:58:00,Hi Fresh G/​Value Salad Mix,120g,N/A,$3.45,$2.88 per 100g,https://foodlandbalaklava.com.au//lines/f-choice-great-value-pack-100g
Foodland Balaklava,2025-05-04 23:58:00,Hi Fresh Garden Salad Bowl,200g,N/A,$4.99,N/A,https://foodlandbalaklava.com.au//lines/hi-fresh-garden-kit-300gm
Foodland Balaklava,2025-05-04 23:58:00,Hi Fresh Rocket & Spinach,120g,N/A,$3.49,$29.08 per kg,https://foodlandbalaklava.com.au//lines/hi-fresh-rocket-spinach-120gm
Foodland Balaklava,2025-05-04 23:58:00,Hi Fresh Sweet Mix,120g,N/A,$3.49,$29.08 per kg,https://foodlandbalaklava.com.au//lines/hi-fresh-gr-vl-pk-sweet-mix-120g
Foodland Balaklava,2025-05-04 23:58:00,Hifresh Family Salad Blend,450g,was $4.95,$3.30,$7.33 per kg,https://foodlandbalaklava.com.au//lines/hi-fresh-family-blend-450gm
Foodland Balaklava,2025-05-04 23:58:00,Higher Living Organic Peppermint And Licorice 15,N/A,N/A,$4.90,$22.27 per 100g,https://foodlandbalaklava.com.au//lines/h-living-pep-licorice-tea-bag-15s
Foodland Balaklava,2025-05-04 23:58:00,Higher Living Organic Rooibos Tea 40,100g,N/A,$5.30,$6.62 per 100g,https://foodlandbalaklava.com.au//lines/higher-living-org-roobis-tea-40pk-100g
Foodland Balaklava,2025-05-04 23:58:00,Higher Living Organic Tea Sweet Dreams 15pk,N/A,N/A,$4.90,$18.85 per 100g,https://foodlandbalaklava.com.au//lines/higher-living-org-swt-dreams-tea-15pk
Foodland Balaklava,2025-05-04 23:58:00,Hikari Pste Whte Miso #​400gm,N/A,N/A,$4.50,$1.12 per 100g,https://foodlandbalaklava.com.au//lines/hikari-pste-whte-miso-400gm-1
Foodland Balaklava,2025-05-04 23:58:00,Hilmark Ceramic Cooktop Cleaner,150mL,N/A,$6.75,$4.50 per 100mL,https://foodlandbalaklava.com.au//lines/hillmark-cerapol-150ml
Foodland Balaklava,2025-05-04 23:58:01,Hilmark Stainless Steel Cleaner,250mL,N/A,$9.35,$3.74 per 100mL,https://foodlandbalaklava.com.au//lines/hillmark-steel-kleen-250ml
Foodland Balaklava,2025-05-04 23:58:01,Hippo Closet Container Moisture Absorber Small Spaces,300g,N/A,$8.95,$2.98 per 100g,https://foodlandbalaklava.com.au//lines/hippo-closet-cntnr-m-absr300gm
Foodland Balaklava,2025-05-04 23:58:01,Ho Mai Mini Dim Sim,250g,N/A,$7.10,$2.84 per 100g,https://foodlandbalaklava.com.au//lines/ho-mai-mini-dim-sims-250gm
Foodland Balaklava,2025-05-04 23:58:01,Ho Mai Yum Cha Entertainer Pack,1kg,N/A,$14.70,$1.47 per 100g,https://foodlandbalaklava.com.au//lines/ho-mai-entertainer-pk-1kg
Foodland Balaklava,2025-05-04 23:58:01,Holland House Marinated Bismark Herring,500g,N/A,$7.35,$1.47 per 100g,https://foodlandbalaklava.com.au//lines/h-house-herring-bismark-500gm
Foodland Balaklava,2025-05-04 23:58:01,Holland House Marinated Rollmops,500g,N/A,$7.35,$14.70 per kg,https://foodlandbalaklava.com.au//lines/h-house-rollmops-500gm-1
Foodland Balaklava,2025-05-04 23:58:01,Home Beautiful Magazine,N/A,N/A,$9.99,N/A,https://foodlandbalaklava.com.au//lines/home-beautiful-magazine-2
Foodland Balaklava,2025-05-04 23:58:01,Homespun,N/A,N/A,$12.95,N/A,https://foodlandbalaklava.com.au//lines/homespun
Foodland Balaklava,2025-05-04 23:58:01,Honest Gum Eucalyptus 12pc,17g,N/A,$3.80,$2.24 per 10g,https://foodlandbalaklava.com.au//lines/honest-gum-eucalyptus-12pc-17g
Foodland Balaklava,2025-05-04 23:58:01,Honest Gum Fruit 12pc,17g,N/A,$7.50,$4.41 per 10g,https://foodlandbalaklava.com.au//lines/honest-gum-fruit-12pc-17g
Foodland Balaklava,2025-05-04 23:58:01,Hooleys Rings Onion,90g,N/A,$4.20,$4.42 per 100g,https://foodlandbalaklava.com.au//lines/hooleys-rings-onion-90gm-1
Foodland Balaklava,2025-05-04 23:58:01,Hot Cheese Or Chilli Kransky,N/A,N/A,$6.00,N/A,https://foodlandbalaklava.com.au//lines/hot-cheese-or-chilli-kransky
Foodland Balaklava,2025-05-04 23:58:01,Hot Chilli Bierstick Each,N/A,N/A,$2.95,N/A,https://foodlandbalaklava.com.au//lines/hot-chilli-bierstick-each
Foodland Balaklava,2025-05-04 23:58:01,Hot Pasty,N/A,N/A,$5.50,N/A,https://foodlandbalaklava.com.au//lines/hot-pasty
Foodland Balaklava,2025-05-04 23:58:01,Hot Pie,N/A,N/A,$5.50,N/A,https://foodlandbalaklava.com.au//lines/hot-pie
Foodland Balaklava,2025-05-04 23:58:01,Hot Pot Casserole Base Curry,100g,N/A,$3.15,$0.32 per 10g,https://foodlandbalaklava.com.au//lines/cont-hotpot-curry-100gm
Foodland Balaklava,2025-05-04 23:58:01,Hot Pot Casserole Base Savoury,80g,N/A,$3.15,$0.39 per 10g,https://foodlandbalaklava.com.au//lines/cont-hotpot-savoury-80gm
Foodland Balaklava,2025-05-04 23:58:01,Hot Sausage Roll,N/A,N/A,$5.50,N/A,https://foodlandbalaklava.com.au//lines/hot-sausage-roll
Foodland Balaklava,2025-05-04 23:58:01,Hot Water Bottle,N/A,N/A,$9.00,N/A,https://foodlandbalaklava.com.au//lines/hot-water-bottle
Foodland Balaklava,2025-05-04 23:58:01,Hot Water Bottle Cover Assorted Colours,N/A,N/A,$5.00,N/A,https://foodlandbalaklava.com.au//lines/hot-water-bottle-cover-asst
Foodland Balaklava,2025-05-04 23:58:01,Hot Wheels Assorted Mid Priced Rig,N/A,N/A,$14.00,N/A,https://foodlandbalaklava.com.au//lines/hot-wheels-mid-priced-rig-asst
Foodland Balaklava,2025-05-04 23:58:01,Hot Wheels Car Basic 1,N/A,N/A,$3.95,N/A,https://foodlandbalaklava.com.au//lines/hot-wheels-car-basic-1
Foodland Balaklava,2025-05-04 23:58:01,Hot Wheels Hw Racing Track Aces - 5 Pk,N/A,N/A,$16.50,N/A,https://foodlandbalaklava.com.au//lines/hot-wheels-5-car-gift-pk-astd-1
Foodland Balaklava,2025-05-04 23:58:01,Hot Wheels Magazine,N/A,N/A,$14.99,N/A,https://foodlandbalaklava.com.au//lines/hot-wheels-magazine
Foodland Balaklava,2025-05-04 23:58:01,Hovex Camph Mothball 2p,18g,N/A,$3.15,$1.58 Each,https://foodlandbalaklava.com.au//lines/hovex-camph-capsule-twin-18gm
Foodland Balaklava,2025-05-04 23:58:01,Hubba Bubba Groovy Grape Bubble Gum Tape 180cm 180cm,56g,N/A,$3.15,$5.62 per 100g,https://foodlandbalaklava.com.au//lines/wrig-h-bub-grape-tape-sngl
Foodland Balaklava,2025-05-04 23:58:01,Hubba Bubba Seriously Strawberry Bubble Gum 5pcs,35g,N/A,$1.60,$4.57 per 100g,https://foodlandbalaklava.com.au//lines/wrig-h-bub-str-bry-285-5pc
Foodland Balaklava,2025-05-04 23:58:01,Hubba Bubba Seriously Strawberry Bubble Gum Tape 180cm 180cm,56g,N/A,$3.15,$5.62 per 100g,https://foodlandbalaklava.com.au//lines/wrig-h-bub-str-bry-tape-sngl
Foodland Balaklava,2025-05-04 23:58:01,Hug Ems Camel 18cm,N/A,N/A,$11.99,N/A,https://foodlandbalaklava.com.au//lines/hug-ems-camel-18cm-1
Foodland Balaklava,2025-05-04 23:58:01,Hug Ems Koala 18cm,N/A,N/A,$11.99,N/A,https://foodlandbalaklava.com.au//lines/hug-ems-koala-18cm-1
Foodland Balaklava,2025-05-04 23:58:01,Hug Ems Mini Dingo 18cm,N/A,N/A,$11.99,N/A,https://foodlandbalaklava.com.au//lines/hug-ems-mini-dingo-18cm-1
Foodland Balaklava,2025-05-04 23:58:01,Hug Ems Panda18cm,N/A,N/A,$11.99,N/A,https://foodlandbalaklava.com.au//lines/hug-ems-panda18cm-1
Foodland Balaklava,2025-05-04 23:58:01,Hug Ems Seal Pup 18cm,N/A,N/A,$11.99,N/A,https://foodlandbalaklava.com.au//lines/ck-mini-harp-seal-18cm-1
Foodland Balaklava,2025-05-04 23:58:01,Hug Ems Turtle Sea Green 18cm,N/A,N/A,$11.99,N/A,https://foodlandbalaklava.com.au//lines/hug-ems-turtle-sea-green-18cm-1
Foodland Balaklava,2025-05-04 23:58:01,Huggers Sloth Plush 20cm,N/A,N/A,$11.99,N/A,https://foodlandbalaklava.com.au//lines/huggers-sloth-plush-20cm-1
Foodland Balaklava,2025-05-04 23:58:01,Huggie Classic Blue Fabric Conditioner,2L,N/A,$7.80,$3.90 per L,https://foodlandbalaklava.com.au//lines/huggie-f-sft-classic-blue-2l
Foodland Balaklava,2025-05-04 23:58:01,Huggie Concentrate Fabric Conditioner White Lavender,250mL,N/A,$2.80,N/A,https://foodlandbalaklava.com.au//lines/huggie-f-sft-sach-lav-250ml
Foodland Balaklava,2025-05-04 23:58:01,Huggies Drynites Night Time Pants For Boys 4-7 Years (​17-30kg) 9 Pack,N/A,was $12.60,$11.00,$1.22 Each,https://foodlandbalaklava.com.au//lines/huggies-drynite-boy-4-7-yr-9s
Foodland Balaklava,2025-05-04 23:58:01,Huggies Drynites Night Time Pants For Girls 4-7 Years (​17-30kg) 9 Pack,N/A,was $12.60,$11.00,$1.22 Each,https://foodlandbalaklava.com.au//lines/huggies-drynite-grl-4-7-yr-9s
Foodland Balaklava,2025-05-04 23:58:01,Huggies Drynites Night Time Pants For Girls 8-15 Years (​27-57kg) 8 Pack,N/A,was $12.60,$11.00,$1.38 Each,https://foodlandbalaklava.com.au//lines/huggies-drynite-grl-8-15-yr-8s
Foodland Balaklava,2025-05-04 23:58:01,Huggies Essential Clean Baby Wipes 80 Pack,N/A,N/A,$4.75,$0.06 Each,https://foodlandbalaklava.com.au//lines/huggies-b-wipe-u-scnt-essnt80s
Foodland Balaklava,2025-05-04 23:58:01,Huggies Essentials Nappies Size 3 (​6-11kg) 52 Pack,N/A,was $25.20,$18.00,$0.35 Each,https://foodlandbalaklava.com.au//lines/huggies-essential-crawler-52s
Foodland Balaklava,2025-05-04 23:58:01,Huggies Essentials Nappies Size 6 (​16+​Kg) 40 Pack,N/A,was $25.20,$18.00,$0.45 Each,https://foodlandbalaklava.com.au//lines/huggies-essential-junior-40s
Foodland Balaklava,2025-05-04 23:58:01,Huggies Little Swimmers Swim Nappies Medium (​7-12kg) 11 Pack,N/A,was $17.85,$15.30,$1.39 Each,https://foodlandbalaklava.com.au//lines/huggies-lttl-swmmrs-sz-2-med11-1
Foodland Balaklava,2025-05-04 23:58:01,Huggies Nappy Pants Toddler Girl 29s,N/A,N/A,$22.00,$0.76 Each,https://foodlandbalaklava.com.au//lines/huggies-nappy-pants-tdl-grl29s
Foodland Balaklava,2025-05-04 23:58:01,Huggies Newborn Nappies Size 1 (​Up To ),28 x 5kg,was $14.90,$13.00,$0.46 Each,https://foodlandbalaklava.com.au//lines/huggies-nappy-ult-newborn-28s
Foodland Balaklava,2025-05-04 23:58:01,Huggies Newborn Nappies Size 1 (​Up To ) 54 Pack (​Nz),5kg,was $22.00,$17.00,$0.31 Each,https://foodlandbalaklava.com.au//lines/huggies-ultimate-newborn-54s
Foodland Balaklava,2025-05-04 23:58:01,Huggies Pure 99% Purified Water Baby Wipes 3x72 Count (​Nz),N/A,was $17.85,$14.00,$6.48 Units100,https://foodlandbalaklava.com.au//lines/huggies-ult-b-wipe-h20-rf3x72s
Foodland Balaklava,2025-05-04 23:58:02,Huggies Thick Baby Wipes Cucumber & Aloe 80 Pack,N/A,was $5.90,$3.00,$3.75 Units100,https://foodlandbalaklava.com.au//lines/huggies-b-wipes-aloe-cucumb80s
Foodland Balaklava,2025-05-04 23:58:02,Huggies Thick Baby Wipes Fragrance Free 80 Pack (​Nz),N/A,was $5.90,$3.00,$3.75 Units100,https://foodlandbalaklava.com.au//lines/huggies-b-wipe-u-s-rf-80s
Foodland Balaklava,2025-05-04 23:58:02,Huggies Ultra Dry Nappies Boys Size 3 (​6-11kg) 22 Pack,N/A,was $14.90,$13.00,$0.59 Each,https://foodlandbalaklava.com.au//lines/huggies-ult-dry-crawl-boy-22s
Foodland Balaklava,2025-05-04 23:58:02,Huggies Ultra Dry Nappies Boys Size 4 (​10-15kg) 18 Pack,N/A,was $14.90,$13.00,$0.72 Each,https://foodlandbalaklava.com.au//lines/huggies-ult-dry-todd-boy-18s
Foodland Balaklava,2025-05-04 23:58:02,Huggies Ultra Dry Nappies Boys Size 4 (​10-15kg) 36 Pack,N/A,was $22.00,$17.00,$0.47 Each,https://foodlandbalaklava.com.au//lines/huggies-toddler-boy-36s
Foodland Balaklava,2025-05-04 23:58:02,Huggies Ultra Dry Nappies Boys Size 5 (​13-18kg) 16 Pack,N/A,was $14.90,$13.00,$0.81 Each,https://foodlandbalaklava.com.au//lines/huggies-ult-dry-walker-boy-16s
Foodland Balaklava,2025-05-04 23:58:02,Huggies Ultra Dry Nappies Boys Size 5 (​13-18kg) 32 Pack,N/A,was $22.00,$17.00,$0.53 Each,https://foodlandbalaklava.com.au//lines/huggies-walker-boy-32s
Foodland Balaklava,2025-05-04 23:58:02,Huggies Ultra Dry Nappies Boys Size 5 (​13-18kg) 64 Pack,N/A,was $48.30,$39.00,$0.61 Each,https://foodlandbalaklava.com.au//lines/huggies-wlkr-boy-jmbo-u-dry64s
Foodland Balaklava,2025-05-04 23:58:02,Huggies Ultra Dry Nappies Girl Size 3 (​6-11kg) 22 Pack,N/A,was $14.90,$13.00,$0.59 Each,https://foodlandbalaklava.com.au//lines/huggies-ult-dry-crawl-girl-22s
Foodland Balaklava,2025-05-04 23:58:02,Huggies Ultra Dry Nappies Girl Size 6 (​16kg+​) 14 Pack,N/A,was $14.90,$13.00,$0.93 Each,https://foodlandbalaklava.com.au//lines/huggies-ult-dry-jun-girl-14s
Foodland Balaklava,2025-05-04 23:58:02,Huggies Ultra Dry Nappies Girls Size 4 (​10-15kg) 18 Pack,N/A,was $14.90,$13.00,$0.72 Each,https://foodlandbalaklava.com.au//lines/huggies-ult-dry-todd-girl-18s
Foodland Balaklava,2025-05-04 23:58:02,Huggies Ultra Dry Nappies Girls Size 6 (​16kg+​) 30 Pack,N/A,was $22.00,$17.00,$0.57 Each,https://foodlandbalaklava.com.au//lines/huggies-junior-girl-u-dry-30s
Foodland Balaklava,2025-05-04 23:58:02,Huggies Ultra Dry Nappy Pants Boys Size 4 (​9-14kg) 29 Pack,N/A,N/A,$22.00,$0.76 Each,https://foodlandbalaklava.com.au//lines/huggies-nappy-pants-tdl-boy29s
Foodland Balaklava,2025-05-04 23:58:02,Huggies Ultra Dry Nappy Pants Boys Size 5 (​12-17kg) 26 Pack,N/A,N/A,$22.00,$0.85 Each,https://foodlandbalaklava.com.au//lines/huggies-nappy-pants-wlk-boy26s
Foodland Balaklava,2025-05-04 23:58:02,Huggies Ultra Dry Nappy Pants Boys Size 5 (​12-17kg) 54 Pack,N/A,was $42.00,$29.00,$0.54 Each,https://foodlandbalaklava.com.au//lines/huggies-nappy-pant-jmbo-boy54s
Foodland Balaklava,2025-05-04 23:58:02,Huggies Ultra Dry Nappy Pants Boys Size 6 (​15kg+​) 24 Pack,N/A,N/A,$22.00,$0.92 Each,https://foodlandbalaklava.com.au//lines/huggies-nappy-pants-jnr-boy24s
Foodland Balaklava,2025-05-04 23:58:02,Huggies Ultra Dry Nappy Pants Boys Size 6 (​15kg+​) 48 Pack,N/A,was $42.00,$29.00,$0.60 Each,https://foodlandbalaklava.com.au//lines/huggies-nappy-pant-jmbo-boy48s
Foodland Balaklava,2025-05-04 23:58:02,Huggies Ultra Dry Nappy Pants Girls Size 6 (​15kg+​) 24 Pack,N/A,N/A,$22.00,$0.92 Each,https://foodlandbalaklava.com.au//lines/huggies-nappy-pants-jnr-grl24s
Foodland Balaklava,2025-05-04 23:58:02,Huggies Ultra Dry Nappy Pants Girls Size 6 (​15kg+​) 48 Pack,N/A,was $42.00,$29.00,$0.60 Each,https://foodlandbalaklava.com.au//lines/huggies-nappy-pant-jmbo-grl48s
Foodland Balaklava,2025-05-04 23:58:02,Huggies Walker Girl 32s,N/A,was $22.00,$17.00,$0.53 Each,https://foodlandbalaklava.com.au//lines/huggies-walker-girl-32s-1
Foodland Balaklava,2025-05-04 23:58:02,Hunter,N/A,N/A,$9.95,N/A,https://foodlandbalaklava.com.au//lines/hunter
Foodland Balaklava,2025-05-04 23:58:02,Huro Plastic Bowl Small 4pk,N/A,N/A,$4.40,N/A,https://foodlandbalaklava.com.au//lines/huro-plastic-bowl-sml-4pk
Foodland Balaklava,2025-05-04 23:58:02,Huro Plastic Mug 2pk,N/A,N/A,$4.36,N/A,https://foodlandbalaklava.com.au//lines/huro-plastic-mug-2pk
Foodland Balaklava,2025-05-04 23:58:02,Huro Plastic Plate Lge 4pk,N/A,N/A,$8.82,N/A,https://foodlandbalaklava.com.au//lines/huro-plastic-plate-lge-4pk
Foodland Balaklava,2025-05-04 23:58:02,Huro Tumbler 4pk,N/A,N/A,$3.30,N/A,https://foodlandbalaklava.com.au//lines/huro-tumbler-4pk
Foodland Balaklava,2025-05-04 23:58:02,Hydralyte Effervescent Electrolyte Tablets Orange Flavoured 10 Tablets,N/A,N/A,$9.15,$0.92 Each,https://foodlandbalaklava.com.au//lines/hydralyte-eff-tabs-orange-10s
Foodland Balaklava,2025-05-04 23:58:02,Hydralyte Effervescent Tablets,N/A,N/A,$9.15,$0.92 Each,https://foodlandbalaklava.com.au//lines/hydralyte-eff-tabs-peach-10s
Foodland Balaklava,2025-05-04 23:58:02,Hydralyte Electrolyte Ice Blocks Orange Flavoured 16 Pack,N/A,N/A,$15.65,$24.84 per 100mL,https://foodlandbalaklava.com.au//lines/hydralyte-iceblock-orge-62-5ml
Foodland Balaklava,2025-05-04 23:58:02,Hydralyte Electrolyte Powder Orange Flavoured 10 Pack,N/A,N/A,$15.65,$31.30 per 10g,https://foodlandbalaklava.com.au//lines/hydralyte-sachet-orange-10s
Foodland Balaklava,2025-05-04 23:58:02,Hydralyte Ready To Use Electrolyte Solution Orange Flavoured,1L,was $16.45,$13.00,$1.30 per 100mL,https://foodlandbalaklava.com.au//lines/hydralyte-liquid-orange-1l
Foodland Balaklava,2025-05-04 23:58:02,I&​J Calamari Crmbd,360g,N/A,$8.40,$23.33 per kg,https://foodlandbalaklava.com.au//lines/i-j-calamari-crmbd-360gm
Foodland Balaklava,2025-05-04 23:58:02,I&​J Lite & Crispy Fish Fillets,425g,N/A,$7.35,$17.29 per kg,https://foodlandbalaklava.com.au//lines/i-j-fish-lite-crispy-org-425gm
Foodland Balaklava,2025-05-04 23:58:02,I&​J Original Crumb Squid Pops,250g,N/A,$8.40,$3.36 per 100g,https://foodlandbalaklava.com.au//lines/i-j-squid-pops-orig-crmb-250g
Foodland Balaklava,2025-05-04 23:58:02,I&​J Original Fish Tenders,320g,N/A,$8.40,$26.25 per kg,https://foodlandbalaklava.com.au//lines/i-j-fish-tenders-orig-320gm
Foodland Balaklava,2025-05-04 23:58:02,I&​J Prawns Tail Off C&​P,500g,was $19.95,$17.00,$34.00 per kg,https://foodlandbalaklava.com.au//lines/i-j-prawns-tail-off-c-p-500g
Foodland Balaklava,2025-05-04 23:58:02,I&​J Salmon Prtn Skin Off,500g,was $27.30,$22.65,$45.30 per kg,https://foodlandbalaklava.com.au//lines/i-j-salmon-prtn-skin-off-500gm
Foodland Balaklava,2025-05-04 23:58:02,I&​J Salt Pepper Calamari Rings,360g,N/A,$8.40,$23.33 per kg,https://foodlandbalaklava.com.au//lines/i-j-calamari-rings-s-p-360gm
Foodland Balaklava,2025-05-04 23:58:02,I&​J Sweet Chilli Fish Tenders,320g,N/A,$8.40,$2.62 per 100g,https://foodlandbalaklava.com.au//lines/i-j-fish-tenders-swt-chil320gm
Foodland Balaklava,2025-05-04 23:58:02,I-Care Toilet Roll Double Length 4pk,N/A,N/A,$5.80,$0.40 per 100 Sheets,https://foodlandbalaklava.com.au//lines/i-care-wht-double-lngth-3pl4pk-1
Foodland Balaklava,2025-05-04 23:58:02,Icare Aloe Vera Tissues,N/A,N/A,$2.30,$2.42 Units100,https://foodlandbalaklava.com.au//lines/icare-tiss-aloe-vera-95s
Foodland Balaklava,2025-05-04 23:58:02,Icare Aloe Vera Tissues,N/A,N/A,$4.20,$3.00 Units100,https://foodlandbalaklava.com.au//lines/icare-tiss-aloe-vera-140s
Foodland Balaklava,2025-05-04 23:58:02,Icare Every Day Tissues,N/A,N/A,$2.30,$1.35 Units100,https://foodlandbalaklava.com.au//lines/icare-tiss-everyday-170s
Foodland Balaklava,2025-05-04 23:58:02,Icare Towel Wipex 3ply Dbl 2pk,N/A,was $6.30,$5.00,$4.17 per 100 Sheets,https://foodlandbalaklava.com.au//lines/icare-towel-wipex-3ply-dbl-2pk
Foodland Balaklava,2025-05-04 23:58:02,Ice Break Iced Coffee Mocha,750mL,N/A,$4.50,$6.00 per L,https://foodlandbalaklava.com.au//lines/ice-break-coffee-mocha-750ml
Foodland Balaklava,2025-05-04 23:58:02,Ice Break Iced Coffee Regular Lactose Free,500mL,was $3.35,$2.90,$5.80 per L,https://foodlandbalaklava.com.au//lines/ice-break-ice-coffee-lactose-free-500ml
Foodland Balaklava,2025-05-04 23:58:02,Ice Break Iced Coffee Regular Strength,2L,was $7.60,$6.50,$3.25 per L,https://foodlandbalaklava.com.au//lines/ice-break-ice-coffee-2l
Foodland Balaklava,2025-05-04 23:58:02,Ice Break Iced Coffee Strong Espresso Protein,500mL,was $3.35,$2.90,$5.80 per L,https://foodlandbalaklava.com.au//lines/ice-break-coff-str-esp-pr500ml
Foodland Balaklava,2025-05-04 23:58:02,Ice Break Iced Coffee Strong Espresso Protein,750mL,N/A,$4.50,$6.00 per L,https://foodlandbalaklava.com.au//lines/ice-break-coffee-strong-750ml
Foodland Balaklava,2025-05-04 23:58:03,Ice Break Iced Coffee Triple Shot,500mL,was $3.35,$2.90,$5.80 per L,https://foodlandbalaklava.com.au//lines/ice-break-i-coff-x-sh-btl500ml
Foodland Balaklava,2025-05-04 23:58:03,Ice Break Iced Coffee Triple Shot,750mL,N/A,$4.50,$6.00 per L,https://foodlandbalaklava.com.au//lines/ice-break-i-coff-x-sh-750ml
Foodland Balaklava,2025-05-04 23:58:03,Il Granino Naked Pot Bun 4pk,360g,N/A,$4.50,$1.25 per 100g,https://foodlandbalaklava.com.au//lines/il-granino-naked-pot-bun-4pk-360g
Foodland Balaklava,2025-05-04 23:58:03,Imodium Rx Imodium Diarrhoea Relief Capsules 8 Pack,N/A,was $12.60,$9.90,$1.24 Each,https://foodlandbalaklava.com.au//lines/imodium-lax-capsules-2mg-8s
Foodland Balaklava,2025-05-04 23:58:03,Imodium Rx Imodium Zapid Diarrhoea Relief Dissolving Tablets 6 Pack,N/A,was $13.65,$10.70,$1.78 Each,https://foodlandbalaklava.com.au//lines/imodium-lax-zapid-6s-2mg
Foodland Balaklava,2025-05-04 23:58:03,Imperial Leather Original Aftershave Lotion Classic,100mL,N/A,$11.35,$11.35 per 100mL,https://foodlandbalaklava.com.au//lines/i-leathr-after-shave-100ml
Foodland Balaklava,2025-05-04 23:58:03,Impulse Body Spray Aerosol Deodorant Love Story,75mL,N/A,$6.30,$8.40 per 100mL,https://foodlandbalaklava.com.au//lines/impulse-spray-love-story-57gm
Foodland Balaklava,2025-05-04 23:58:03,Impulse Body Spray Aerosol Deodorant Merely Musk,75mL,N/A,$6.30,$8.40 per 100mL,https://foodlandbalaklava.com.au//lines/impulse-spray-merely-musk-57gm
Foodland Balaklava,2025-05-04 23:58:03,In A Biskit Chicken,160g,was $4.20,$3.10,$1.94 per 100g,https://foodlandbalaklava.com.au//lines/in-a-biskit-chicken-160gm
Foodland Balaklava,2025-05-04 23:58:03,In A Biskit Peri Peri,145g,was $4.20,$3.10,$2.14 per 100g,https://foodlandbalaklava.com.au//lines/in-a-biskit-peri-peri-145g
Foodland Balaklava,2025-05-04 23:58:03,In A Biskit Sweet Chilli Philadelphia Flavour,145g,was $4.20,$3.10,$2.14 per 100g,https://foodlandbalaklava.com.au//lines/in-a-biskit-sweet-chilli-145g
Foodland Balaklava,2025-05-04 23:58:03,Inaba Churu Tuna Puree,4 x 14g,N/A,$4.75,$8.48 per 100g,https://foodlandbalaklava.com.au//lines/inaba-churu-tuna-puree-4-x-14g
Foodland Balaklava,2025-05-04 23:58:03,Indofood Instant Noodle Mie Goreng,85g,N/A,$1.05,$1.24 per 100g,https://foodlandbalaklava.com.au//lines/indomie-ins-ndl-fried-85gm-1
Foodland Balaklava,2025-05-04 23:58:03,Indomie BBQ Chicken Noodles 5 Pack X,85g,N/A,$3.95,$0.93 per 100g,https://foodlandbalaklava.com.au//lines/indomie-ins-ndl-bbq-chkn5x85gm-1
Foodland Balaklava,2025-05-04 23:58:03,Indy Biddy’​S Disney Princess Mixed Berry Snacks,160g,was $4.60,$4.30,$2.69 per 100g,https://foodlandbalaklava.com.au//lines/i-biddy-frt-snk-mixed-bry160gm-1
Foodland Balaklava,2025-05-04 23:58:03,Inflatable Sport Beach Balls,N/A,N/A,$3.00,N/A,https://foodlandbalaklava.com.au//lines/inflatable-sport-beach-balls
Foodland Balaklava,2025-05-04 23:58:03,Inflating Needles 2 Pack,N/A,N/A,$3.29,N/A,https://foodlandbalaklava.com.au//lines/inflating-needles-2-pack
Foodland Balaklava,2025-05-04 23:58:03,Infuzions Aioli Air Fries,90g,was $5.15,$4.50,$5.00 per 100g,https://foodlandbalaklava.com.au//lines/majans-infuz-air-fry-aioli90gm
Foodland Balaklava,2025-05-04 23:58:03,Infuzions Peri Peri Air Fries,90g,was $5.15,$4.50,$5.00 per 100g,https://foodlandbalaklava.com.au//lines/majans-infuz-air-fri-peri-90g
Foodland Balaklava,2025-05-04 23:58:03,Ingham Chic Portns G/​Met Tr Rw,N/A,N/A,$9.00,N/A,https://foodlandbalaklava.com.au//lines/ingham-chic-portns-g-met-tr-rw-2
Foodland Balaklava,2025-05-04 23:58:03,Ingham Italian Twin Pk Chicken,N/A,was $15.00,$12.90,$6.45 Each,https://foodlandbalaklava.com.au//lines/ingham-italian-twin-pk-chicken-1
Foodland Balaklava,2025-05-04 23:58:03,Ingham's Turkey Thigh Roast,1kg,N/A,$17.05,$17.05 per kg,https://foodlandbalaklava.com.au//lines/ingham-turk-thigh-roast-1kg
Foodland Balaklava,2025-05-04 23:58:03,Intermittent Fasting Guide,N/A,N/A,$19.99,N/A,https://foodlandbalaklava.com.au//lines/intermittent-fasting-guide
Foodland Balaklava,2025-05-04 23:58:03,International Roast Instant Coffee,100g,was $5.80,$4.50,$4.50 per 100g,https://foodlandbalaklava.com.au//lines/i-roast-coffee-100gm
Foodland Balaklava,2025-05-04 23:58:03,Irresistable Snakes,150g,N/A,$4.50,$3.00 per 100g,https://foodlandbalaklava.com.au//lines/irresistible-snakes-gf-150gm
Foodland Balaklava,2025-05-04 23:58:03,Island Berries Coulis Raspberry,250mL,N/A,$7.50,$3.00 per 100mL,https://foodlandbalaklava.com.au//lines/island-berries-coulis-raspberry-250ml
Foodland Balaklava,2025-05-04 23:58:03,Island Berries Panna Cotta With Raspberry Coulis,145g,N/A,$4.50,$3.10 per 100g,https://foodlandbalaklava.com.au//lines/isl-berries-panna-cotta-rasp-145g
Foodland Balaklava,2025-05-04 23:58:03,Island Berries Tasmania Panna Cotta With Tuscany Dark Chocolate,125g,N/A,$4.50,$3.10 per 100g,https://foodlandbalaklava.com.au//lines/isl-berries-panna-cotta-tusc-d-chc-145g
Foodland Balaklava,2025-05-04 23:58:03,Island Berry Panna Cotta Salted Caramel,125g,N/A,$4.50,$3.10 per 100g,https://foodlandbalaklava.com.au//lines/isl-berries-panna-cotta-slt-caramel-145g
Foodland Balaklava,2025-05-04 23:58:03,Isocol Rubbing Alcohol Antiseptic,345mL,N/A,$14.20,$4.12 per 100mL,https://foodlandbalaklava.com.au//lines/isocol-rubbing-alcohol-345ml
Foodland Balaklava,2025-05-04 23:58:03,J/​Belly Vent 3d Gel I/​Pnch 2pk,N/A,N/A,$9.98,$4.99 Each,https://foodlandbalaklava.com.au//lines/j-belly-vent-3d-gel-i-pnch-2pk
Foodland Balaklava,2025-05-04 23:58:03,J/​Chef Pumpkin Mac&​Chs,300g,N/A,$6.30,$2.10 per 100g,https://foodlandbalaklava.com.au//lines/j-chef-pumpkin-mac-chs-300g
Foodland Balaklava,2025-05-04 23:58:03,J/​Isle Apple Kiwi Jce,350mL,N/A,$3.75,$1.07 per 100mL,https://foodlandbalaklava.com.au//lines/j-isle-apple-kiwi-jce-350ml
Foodland Balaklava,2025-05-04 23:58:03,J/​West Oyster Smk BBQ Sce,85g,N/A,$3.60,$42.35 per kg,https://foodlandbalaklava.com.au//lines/j-west-oyster-smk-bbq-sce-85gm
Foodland Balaklava,2025-05-04 23:58:03,J/​West Tempt Lem&​Pep,4 x 95g,N/A,$6.50,$17.11 per kg,https://foodlandbalaklava.com.au//lines/j-west-tempt-lem-pep-4x95gm
Foodland Balaklava,2025-05-04 23:58:03,J/​West Tuna Chilli,95g,N/A,$2.70,$28.42 per kg,https://foodlandbalaklava.com.au//lines/j-west-tuna-chilli-95gm-1
Foodland Balaklava,2025-05-04 23:58:03,J/​West Tuna Olive Oil,4 x 95g,N/A,$6.50,$17.11 per kg,https://foodlandbalaklava.com.au//lines/j-west-tuna-olive-oil-4x95gm
Foodland Balaklava,2025-05-04 23:58:03,J/​West Tuna Slc Oil Smk,125g,was $4.00,$3.45,$27.60 per kg,https://foodlandbalaklava.com.au//lines/j-west-tuna-slc-oil-smk-125gm
Foodland Balaklava,2025-05-04 23:58:03,Jack Hammer 4 Peace Hose Set,N/A,N/A,$6.05,N/A,https://foodlandbalaklava.com.au//lines/jackh-hose-set-4pce
Foodland Balaklava,2025-05-04 23:58:03,Jack Hammer 9.​5mm X Braided Rope,15m,N/A,$10.50,N/A,https://foodlandbalaklava.com.au//lines/jackh-rope-braided-9-5mx15m
Foodland Balaklava,2025-05-04 23:58:03,Jack Hammer Brush Paint 25mm,N/A,N/A,$3.68,N/A,https://foodlandbalaklava.com.au//lines/jack-hammer-brush-paint25mm
Foodland Balaklava,2025-05-04 23:58:03,Jack Hammer Brush Paint 50mm,N/A,N/A,$6.30,N/A,https://foodlandbalaklava.com.au//lines/jack-hammer-brush-paint-50mm
Foodland Balaklava,2025-05-04 23:58:03,Jack Hammer Hammer Fluro,N/A,N/A,$11.50,N/A,https://foodlandbalaklava.com.au//lines/jack-hammer-hammer-fluro
Foodland Balaklava,2025-05-04 23:58:03,Jack Hammer Heavy Duty Gardening Gloves,N/A,N/A,$9.14,N/A,https://foodlandbalaklava.com.au//lines/jackh-gloves-garden-hvyd-m-1pk
Foodland Balaklava,2025-05-04 23:58:03,Jack Hammer Knife Metal,N/A,N/A,$6.62,N/A,https://foodlandbalaklava.com.au//lines/jack-hammer-knife-metal
Foodland Balaklava,2025-05-04 23:58:03,Jack Hammer Large Sponge,N/A,N/A,$4.35,N/A,https://foodlandbalaklava.com.au//lines/jackh-large-sponge
Foodland Balaklava,2025-05-04 23:58:03,Jack Hammer Microfibre Wash Pad,N/A,N/A,$7.35,N/A,https://foodlandbalaklava.com.au//lines/jackh-wash-pad-microfibre-1ea
Foodland Balaklava,2025-05-04 23:58:03,Jack Hammer Mouse Trap Twin Pack,N/A,N/A,$2.36,$236.00 per 100mL,https://foodlandbalaklava.com.au//lines/jack-hammer-mouse-trap-twn-pck
Foodland Balaklava,2025-05-04 23:58:04,Jack Hammer Painting Roller Kit,N/A,N/A,$9.00,N/A,https://foodlandbalaklava.com.au//lines/jackh-painting-roller-kit
Foodland Balaklava,2025-05-04 23:58:04,Jack Hammer Pump Bike,N/A,N/A,$7.88,N/A,https://foodlandbalaklava.com.au//lines/jack-hammer-pump-bike
Foodland Balaklava,2025-05-04 23:58:04,Jack Hammer Stainless Steel Basin Plug 50mm,N/A,N/A,$5.46,N/A,https://foodlandbalaklava.com.au//lines/jackh-basin-plug-s-steel-50mm
Foodland Balaklava,2025-05-04 23:58:04,Jack Hammer Utility Cord 4mmx15m 1pk,N/A,N/A,$4.20,N/A,https://foodlandbalaklava.com.au//lines/jackh-poly-cothes-line-4mmx15m
Foodland Balaklava,2025-05-04 23:58:04,Jack Hammer Utility Scraper,N/A,N/A,$6.83,N/A,https://foodlandbalaklava.com.au//lines/jackh-utility-scraper-1pk
Foodland Balaklava,2025-05-04 23:58:04,Jack Hammer Weed Trimmer Line 1pk,N/A,N/A,$4.05,N/A,https://foodlandbalaklava.com.au//lines/jack-hammer-weed-trimmer-line
Foodland Balaklava,2025-05-04 23:58:04,Jack Links Barbeque Jerky,50g,was $6.15,$5.35,$107.00 per kg,https://foodlandbalaklava.com.au//lines/jack-links-beef-jerky-bbq-50gm
Foodland Balaklava,2025-05-04 23:58:04,Jack Links Original Jerky,50g,was $6.15,$5.35,$107.00 per kg,https://foodlandbalaklava.com.au//lines/jack-link-bf-jerky-orig-50gm
Foodland Balaklava,2025-05-04 23:58:04,Jack N Jill Milkshake Toothpaste,50g,N/A,$7.90,$15.80 per 100g,https://foodlandbalaklava.com.au//lines/jack-n-jill-t-pste-mlkshk-50gm
Foodland Balaklava,2025-05-04 23:58:04,Jack N Jill T/​Brsh Monkey #​1pk,N/A,N/A,$5.25,N/A,https://foodlandbalaklava.com.au//lines/jack-n-jill-t-brsh-monkey-1pk
Foodland Balaklava,2025-05-04 23:58:04,Jack N' Jill Toothpaste Strawberry,50g,N/A,$7.90,$15.80 per 100g,https://foodlandbalaklava.com.au//lines/jack-n-jill-t-pste-sbry-50gm
Foodland Balaklava,2025-05-04 23:58:04,Jackh 4 Outlet 2xusb Cable,1m,N/A,$22.95,N/A,https://foodlandbalaklava.com.au//lines/jackh-4-outlet-2xusb-cable-1m
Foodland Balaklava,2025-05-04 23:58:04,Jackh 4 Outlet Power Board,N/A,N/A,$11.35,N/A,https://foodlandbalaklava.com.au//lines/jackhammer-4-way-p-board
Foodland Balaklava,2025-05-04 23:58:04,Jackh Adjustable Wrench 200mm,N/A,N/A,$9.45,N/A,https://foodlandbalaklava.com.au//lines/jackhammer-wrench-adjust-200mm
Foodland Balaklava,2025-05-04 23:58:04,Jackh Dble Adaptor Flat Vert,N/A,N/A,$4.80,N/A,https://foodlandbalaklava.com.au//lines/jackhammer-flt-left-d-adaptor
Foodland Balaklava,2025-05-04 23:58:04,Jackh Elastic Strap 900mm,N/A,N/A,$3.83,N/A,https://foodlandbalaklava.com.au//lines/jackhammer-elastic-strap
Foodland Balaklava,2025-05-04 23:58:04,Jackh Gloves Fireplace,N/A,N/A,$19.95,N/A,https://foodlandbalaklava.com.au//lines/jackh-gloves-fireplace
Foodland Balaklava,2025-05-04 23:58:04,Jackh Guy Ropes 4mmx4m 4pk,N/A,N/A,$14.95,N/A,https://foodlandbalaklava.com.au//lines/jackh-guy-ropes-4mmx20m-4pk
Foodland Balaklava,2025-05-04 23:58:04,Jackh Hook S/​S Lge pc,2 x 2kg,N/A,$9.40,$4.70 Each,https://foodlandbalaklava.com.au//lines/jackh-hook-s-s-lge-2kg-2pc
Foodland Balaklava,2025-05-04 23:58:04,Jackh Hook S/​S Med pc,3 x 1kg,N/A,$9.45,N/A,https://foodlandbalaklava.com.au//lines/jackh-hook-s-s-med-1kg-3pc
Foodland Balaklava,2025-05-04 23:58:04,Jackh Hook Suction,2kg,N/A,$6.30,N/A,https://foodlandbalaklava.com.au//lines/jackh-hook-suction-2kg
Foodland Balaklava,2025-05-04 23:58:04,Jackh Jute String,55m,N/A,$4.20,N/A,https://foodlandbalaklava.com.au//lines/jackhammer-jute-string-55m
Foodland Balaklava,2025-05-04 23:58:04,Jackh Knife Pack,N/A,N/A,$8.66,N/A,https://foodlandbalaklava.com.au//lines/jackh-knife-pack
Foodland Balaklava,2025-05-04 23:58:04,Jackh L Plate Magnetic 2pce,N/A,N/A,$4.20,N/A,https://foodlandbalaklava.com.au//lines/jackhammer-l-plate-magnetc-2pk
Foodland Balaklava,2025-05-04 23:58:04,Jackh L&​P Plate 2pc Act Sa Nt,N/A,N/A,$4.20,N/A,https://foodlandbalaklava.com.au//lines/jackh-l-p-plate-2pce-sa
Foodland Balaklava,2025-05-04 23:58:04,Jackh Light Motion Sensor,N/A,N/A,$11.75,N/A,https://foodlandbalaklava.com.au//lines/jackh-light-motion-sensor
Foodland Balaklava,2025-05-04 23:58:04,Jackh Light Switch Flip Led,N/A,N/A,$5.90,N/A,https://foodlandbalaklava.com.au//lines/jackh-light-switch-flip-led
Foodland Balaklava,2025-05-04 23:58:04,Jackh Mirror Blnd/​Spt 2pce 1ea,N/A,N/A,$7.35,N/A,https://foodlandbalaklava.com.au//lines/jackh-mirror-blnd-spt-2pce-1ea
Foodland Balaklava,2025-05-04 23:58:04,Jackh P Plate Wht/​Red P S/​Thru,N/A,N/A,$3.15,N/A,https://foodlandbalaklava.com.au//lines/jackh-p-plate-wht-red-p-s-thru
Foodland Balaklava,2025-05-04 23:58:04,Jackh Poly Rope 4mmx20m,N/A,N/A,$5.09,N/A,https://foodlandbalaklava.com.au//lines/jackhammer-poly-rope-4mmx20m
Foodland Balaklava,2025-05-04 23:58:04,Jackh Power Adaptor Dual Usb,N/A,N/A,$16.40,N/A,https://foodlandbalaklava.com.au//lines/jackh-power-adaptor-dual-usb
Foodland Balaklava,2025-05-04 23:58:04,Jackh Power Adaptor Ver Usba&​C,N/A,N/A,$18.00,N/A,https://foodlandbalaklava.com.au//lines/jackh-power-adaptor-ver-usba-c
Foodland Balaklava,2025-05-04 23:58:04,Jackh Snap Hook Carabiner 3pce,N/A,N/A,$7.35,N/A,https://foodlandbalaklava.com.au//lines/jackh-snap-hook-carabiner-3pce
Foodland Balaklava,2025-05-04 23:58:04,Jackh Tarpaulin H/​Duty 2.​4x3m,N/A,N/A,$24.95,N/A,https://foodlandbalaklava.com.au//lines/jackh-tarpaulin-h-duty-2-4x3m
Foodland Balaklava,2025-05-04 23:58:04,Jackh Tent Pegs 175mm 10pk,N/A,N/A,$5.50,N/A,https://foodlandbalaklava.com.au//lines/jackh-tent-pegs-175mm-10pk
Foodland Balaklava,2025-05-04 23:58:04,Jackh Usb Car Charger Dual 1pk,N/A,N/A,$13.45,N/A,https://foodlandbalaklava.com.au//lines/jackh-usb-car-charger-dual-1pk
Foodland Balaklava,2025-05-04 23:58:04,Jackh Utility Knife,N/A,N/A,$2.75,N/A,https://foodlandbalaklava.com.au//lines/jackh-utility-knife
Foodland Balaklava,2025-05-04 23:58:04,Jackhammer Basin Plug 32,N/A,N/A,$4.46,N/A,https://foodlandbalaklava.com.au//lines/jackhammer-basin-plug-32mm
Foodland Balaklava,2025-05-04 23:58:04,Jackhammer Basin Plug 51mm 1pk,N/A,N/A,$5.65,N/A,https://foodlandbalaklava.com.au//lines/jackhammer-basin-plug-51mm
Foodland Balaklava,2025-05-04 23:58:04,Jackhammer Bike Puncture Kit,N/A,N/A,$3.15,N/A,https://foodlandbalaklava.com.au//lines/jackhammer-bike-puncture-kit
Foodland Balaklava,2025-05-04 23:58:04,Jackhammer Brass Padlock 25 Mm,N/A,N/A,$3.70,N/A,https://foodlandbalaklava.com.au//lines/jackh-brass-padlock-25mm
Foodland Balaklava,2025-05-04 23:58:04,Jackhammer Brass Padlock 50,N/A,N/A,$9.55,N/A,https://foodlandbalaklava.com.au//lines/jackhammer-brass-p-lock-50mm
Foodland Balaklava,2025-05-04 23:58:04,Jackhammer Cable Tie 25pk,N/A,N/A,$2.75,N/A,https://foodlandbalaklava.com.au//lines/jackhammer-cable-tie-25pk
Foodland Balaklava,2025-05-04 23:58:04,Jackhammer Combintion Pad Lock,N/A,N/A,$6.62,N/A,https://foodlandbalaklava.com.au//lines/jackhammer-combintion-p-lock
Foodland Balaklava,2025-05-04 23:58:04,Jackhammer Double Adaptor,N/A,N/A,$4.80,N/A,https://foodlandbalaklava.com.au//lines/jackh-dble-adaptor-horizontal
Foodland Balaklava,2025-05-04 23:58:04,Jackhammer Ext Lead P/​Back 1pk,N/A,N/A,$10.45,N/A,https://foodlandbalaklava.com.au//lines/jackhammer-ext-lead-p-back-2m
Foodland Balaklava,2025-05-04 23:58:04,Jackhammer Extension Lead 10,N/A,N/A,$26.05,N/A,https://foodlandbalaklava.com.au//lines/jackh-extension-lead-10m
Foodland Balaklava,2025-05-04 23:58:04,Jackhammer Extension Lead,3 x 3m,N/A,$11.35,N/A,https://foodlandbalaklava.com.au//lines/jackh-extension-lead-3m
Foodland Balaklava,2025-05-04 23:58:05,Jackhammer Extension Lead,5m,N/A,$18.55,N/A,https://foodlandbalaklava.com.au//lines/jackh-extension-lead-5m
Foodland Balaklava,2025-05-04 23:58:05,Jackhammer Hey Key Set 8p Ce,N/A,N/A,$6.40,N/A,https://foodlandbalaklava.com.au//lines/jackhammer-hex-key-set-8pce
Foodland Balaklava,2025-05-04 23:58:05,Jackhammer Lightning Usb Cable,1m,N/A,$27.62,N/A,https://foodlandbalaklava.com.au//lines/jackh-usb-lightning-std-1m-1pk
Foodland Balaklava,2025-05-04 23:58:05,Jackhammer Plant Ties 17cm,N/A,N/A,$4.15,N/A,https://foodlandbalaklava.com.au//lines/jackh-plant-ties-17cm
Foodland Balaklava,2025-05-04 23:58:05,Jackhammer Screw Driver 3 Piece Set,N/A,N/A,$5.95,N/A,https://foodlandbalaklava.com.au//lines/jackhammer-s-driver-3-pce-set
Foodland Balaklava,2025-05-04 23:58:05,Jackhammer Squeege Long Handle,N/A,N/A,$6.45,N/A,https://foodlandbalaklava.com.au//lines/jackhammer-squeege-long-hndle
Foodland Balaklava,2025-05-04 23:58:05,Jackhammer Tape Measure,5m,N/A,$5.25,N/A,https://foodlandbalaklava.com.au//lines/jackhammer-tape-measure-5m
Foodland Balaklava,2025-05-04 23:58:05,Jackhammer Tarp Blue Poly 6x8ft,N/A,N/A,$8.65,N/A,https://foodlandbalaklava.com.au//lines/jackhammer-tarp-blue-poly6x8ft
Foodland Balaklava,2025-05-04 23:58:05,Jackhammer Usb-C To Usb-C Cable,1m,N/A,$10.50,N/A,https://foodlandbalaklava.com.au//lines/jackh-usb-c-to-usb-c-cable-1m
Foodland Balaklava,2025-05-04 23:58:05,Jade Phoenix Mroom Slc Sh#​40gm,N/A,N/A,$3.20,$80.00 per kg,https://foodlandbalaklava.com.au//lines/jade-phoenix-mroom-slc-sh-40gm
Foodland Balaklava,2025-05-04 23:58:05,Jalna Greek Style Natural Yoghourt,2kg,was $14.60,$13.40,$6.70 per kg,https://foodlandbalaklava.com.au//lines/jalna-greek-yoghurt-2kg
Foodland Balaklava,2025-05-04 23:58:05,Jalna Greek Sweet Yoghourt,2kg,was $14.60,$13.40,$6.70 per kg,https://foodlandbalaklava.com.au//lines/jalna-sweet-greek-yoghurt-2kg
Foodland Balaklava,2025-05-04 23:58:05,Jalna Lactose Fre Wholemilk Natural Yoghourt,1kg,N/A,$8.30,$0.83 per 100g,https://foodlandbalaklava.com.au//lines/jalna-lactose-free-natural-yog-1kg
Foodland Balaklava,2025-05-04 23:58:05,Jalna Lactose Free Greek Yoghurt,1kg,N/A,$8.30,$0.83 per 100g,https://foodlandbalaklava.com.au//lines/jalna-lactose-free-greek-yog-1kg
Foodland Balaklava,2025-05-04 23:58:05,Jalna Nas Natural Yoghurt,2kg,was $14.60,$13.40,$6.70 per kg,https://foodlandbalaklava.com.au//lines/jalna-nas-natural-yoghurt-2kg
Foodland Balaklava,2025-05-04 23:58:05,Jalna Swt Crmy Straw Yog,1kg,N/A,$7.80,$0.78 per 100g,https://foodlandbalaklava.com.au//lines/jalna-swt-crmy-straw-yog-1kg
Foodland Balaklava,2025-05-04 23:58:05,Jaquard Flannel Throw,N/A,was $12.00,$11.00,N/A,https://foodlandbalaklava.com.au//lines/jacquard-flannel-throw
Foodland Balaklava,2025-05-04 23:58:05,Jar Opener,N/A,N/A,$4.95,N/A,https://foodlandbalaklava.com.au//lines/jar-opener
Foodland Balaklava,2025-05-04 23:58:05,Jarlsberg Cheese Block,250g,N/A,$12.60,$50.40 per kg,https://foodlandbalaklava.com.au//lines/jarlsberg-chse-250gm
Foodland Balaklava,2025-05-04 23:58:05,Jarrah Classic Cappuccino,125g,N/A,$8.95,$7.16 per 100g,https://foodlandbalaklava.com.au//lines/jarrah-cappuccino-classic-10s
Foodland Balaklava,2025-05-04 23:58:05,Jarrah Coffee Brazil Cafe 1 Can,250g,N/A,$8.95,$3.58 per 100g,https://foodlandbalaklava.com.au//lines/jarrah-coff-brazil-latte-250gm
Foodland Balaklava,2025-05-04 23:58:05,Jarrah Hot Chocolate Frothy Classic 10pks,115g,N/A,$8.00,$6.96 per 100g,https://foodlandbalaklava.com.au//lines/jarrah-drk-chocolatte-10pk
Foodland Balaklava,2025-05-04 23:58:05,Jarrah Strong Cappuccino,125g,N/A,$8.95,$7.16 per 100g,https://foodlandbalaklava.com.au//lines/jarrah-cappuccino-strong-10s
Foodland Balaklava,2025-05-04 23:58:05,Jasol Cleaner Regular,1L,N/A,$6.85,$0.68 per 100mL,https://foodlandbalaklava.com.au//lines/jasol-cleaner-regular-1l
Foodland Balaklava,2025-05-04 23:58:05,Jason Pillow Insulux 2pk,N/A,N/A,$23.10,N/A,https://foodlandbalaklava.com.au//lines/jason-pillow-insulux-2pk
Foodland Balaklava,2025-05-04 23:58:05,Jc's Salted Peanuts,500g,N/A,$5.99,$11.98 per kg,https://foodlandbalaklava.com.au//lines/jc-peanuts-salted-aust-500gm
Foodland Balaklava,2025-05-04 23:58:05,Jelly Belly Cherry 3d Gel Air Freshener,N/A,was $7.35,$5.00,N/A,https://foodlandbalaklava.com.au//lines/j-belly-hang-3d-gel-cherry-1ea
Foodland Balaklava,2025-05-04 23:58:05,Jif Cream Surface Cleaner Lily Flower,500mL,N/A,$5.00,$1.00 per 100g,https://foodlandbalaklava.com.au//lines/jif-cream-lily-flower-500ml
Foodland Balaklava,2025-05-04 23:58:05,Jif Cream With Micro Particles Original,500mL,N/A,$4.80,$0.96 per 100mL,https://foodlandbalaklava.com.au//lines/jif-cream-clnser-reg-500ml
Foodland Balaklava,2025-05-04 23:58:05,Jif Mousse Bthroom Cit,500mL,was $7.90,$5.00,$1.00 per 100mL,https://foodlandbalaklava.com.au//lines/jif-mousse-bthroom-cit-500ml
Foodland Balaklava,2025-05-04 23:58:05,Jiffy Firelighters 24 Pack,N/A,was $6.30,$5.60,$23.33 Units100,https://foodlandbalaklava.com.au//lines/jiffy-f-lighters-24s
Foodland Balaklava,2025-05-04 23:58:05,Jila Mints Peppermint Tin Sugar Free,34g,N/A,$3.00,$8.82 per 100g,https://foodlandbalaklava.com.au//lines/jila-peppermint-mints-s-f-34g
Foodland Balaklava,2025-05-04 23:58:05,Jila Spearmint Tin,34g,N/A,$3.00,$8.82 per 100g,https://foodlandbalaklava.com.au//lines/jila-spearmint-mints-s-f-34g
Foodland Balaklava,2025-05-04 23:58:05,Jindi Camembert Cheese,115g,was $5.55,$5.00,$43.48 per kg,https://foodlandbalaklava.com.au//lines/jindi-chs-camembert-115gm
Foodland Balaklava,2025-05-04 23:58:05,Jindi Triple Cream Brie,180g,was $10.30,$7.50,$41.67 per kg,https://foodlandbalaklava.com.au//lines/jindi-chs-brie-triple-crm180gm
Foodland Balaklava,2025-05-04 23:58:05,Jjs Fantismo Fantasy Belt,160g,was $2.49,$2.05,$1.37 per 100g,https://foodlandbalaklava.com.au//lines/jjs-fantismo-fantasy-bits-160g
Foodland Balaklava,2025-05-04 23:58:05,Jjs Par-Tay Sour Mix,150g,was $2.49,$2.05,$1.37 per 100g,https://foodlandbalaklava.com.au//lines/jjs-par-tay-sour-mix-150g
Foodland Balaklava,2025-05-04 23:58:05,Jjs Sour Wilbo Worms Gf,150g,was $2.49,$2.05,$1.37 per 100g,https://foodlandbalaklava.com.au//lines/jjs-sour-wilbo-worms-gf-150g
Foodland Balaklava,2025-05-04 23:58:05,Jjs Straw Belt Sour,160g,was $2.49,$2.05,$1.37 per 100g,https://foodlandbalaklava.com.au//lines/jjs-straw-belt-sour-160g
Foodland Balaklava,2025-05-04 23:58:05,Jjs Wazza W/​Melon Belts,160g,was $2.49,$2.05,$1.37 per 100g,https://foodlandbalaklava.com.au//lines/jjs-wazza-w-melon-belts-160g
Foodland Balaklava,2025-05-04 23:58:05,Jl King Asian Rice Salad,300g,N/A,$6.50,$2.17 per 100g,https://foodlandbalaklava.com.au//lines/jl-king-asian-rice-salad-300g
Foodland Balaklava,2025-05-04 23:58:05,Jl King Beef Lasagne,1kg,N/A,$17.00,$17.00 per kg,https://foodlandbalaklava.com.au//lines/jl-king-beef-lasagne-1kg
Foodland Balaklava,2025-05-04 23:58:05,Jl King Lasagne Rw,N/A,N/A,$18.99,N/A,https://foodlandbalaklava.com.au//lines/jl-king-lasagne-rw-1
Foodland Balaklava,2025-05-04 23:58:05,Jl King Pasta Curry,N/A,N/A,$16.99,N/A,https://foodlandbalaklava.com.au//lines/jl-king-pasta-curry-1
Foodland Balaklava,2025-05-04 23:58:05,Jl King Pump/​Swt Pot C/​Cous,300g,N/A,$6.50,$2.17 per 100g,https://foodlandbalaklava.com.au//lines/jl-king-pump-swt-pot-c-cous-300g
Foodland Balaklava,2025-05-04 23:58:05,Jl King Saffron Rice Salad,300g,N/A,$6.50,$2.17 per 100g,https://foodlandbalaklava.com.au//lines/jl-king-saffron-rice-salad-300g
Foodland Balaklava,2025-05-04 23:58:05,Jl King Salad Egg,N/A,N/A,$29.99,N/A,https://foodlandbalaklava.com.au//lines/jl-king-salad-egg-3
Foodland Balaklava,2025-05-04 23:58:05,Jl King Swt Pot Bake,800g,N/A,$16.00,$20.00 per kg,https://foodlandbalaklava.com.au//lines/jl-king-swt-pot-bake-800g
Foodland Balaklava,2025-05-04 23:58:06,Jl King Vegetable Lasagne,1kg,N/A,$17.00,$17.00 per kg,https://foodlandbalaklava.com.au//lines/jl-king-vegetable-lasagne-1kg
Foodland Balaklava,2025-05-04 23:58:06,John West Anchovy Fillets In Olive Oil,45g,N/A,$4.15,$92.22 per kg,https://foodlandbalaklava.com.au//lines/j-west-anchovy-45gm
Foodland Balaklava,2025-05-04 23:58:06,John West Chilli Slmon,95g,was $3.45,$3.15,$33.16 per kg,https://foodlandbalaklava.com.au//lines/j-west-tempt-sal-chilli-95gm
Foodland Balaklava,2025-05-04 23:58:06,John West Chilli Tuna Multi Pack,4 x 95g,N/A,$6.50,$17.11 per kg,https://foodlandbalaklava.com.au//lines/j-west-tempt-tuna-chil-4x95gm
Foodland Balaklava,2025-05-04 23:58:06,John West Herring Fillets In Tomato Sauce,200g,was $4.10,$3.50,$17.50 per kg,https://foodlandbalaklava.com.au//lines/j-west-herring-flt-tomat-200gm
Foodland Balaklava,2025-05-04 23:58:06,John West Lime & Ginger Slamon,95g,was $3.45,$3.15,$33.16 per kg,https://foodlandbalaklava.com.au//lines/j-west-tempt-sal-lime-gin-95gm
Foodland Balaklava,2025-05-04 23:58:06,John West Lunch Kit Tuna & Sweetcorn In Mayonnaise,108g,was $3.70,$3.20,$2.96 per 100g,https://foodlandbalaklava.com.au//lines/j-west-l-kit-tuna-swt-crn108gm
Foodland Balaklava,2025-05-04 23:58:06,John West Lunch Kit Tuna & Thousand Island,108g,was $3.70,$3.20,$2.96 per 100g,https://foodlandbalaklava.com.au//lines/j-west-l-kit-tuna-1000-il108gm
Foodland Balaklava,2025-05-04 23:58:06,John West Passionfruit Pulp,170g,was $2.65,$2.00,$11.76 per kg,https://foodlandbalaklava.com.au//lines/j-west-passionfruit-170gm
Foodland Balaklava,2025-05-04 23:58:06,John West Pink Salmon,415g,N/A,$10.00,$24.10 per kg,https://foodlandbalaklava.com.au//lines/j-west-salmon-pink-415gm
Foodland Balaklava,2025-05-04 23:58:06,John West Protein Plus Tuna Bowl Pearl Couscous Brown Rice Roasted Tomato,170g,N/A,$4.20,$24.71 per kg,https://foodlandbalaklava.com.au//lines/j-west-tuna-prot-tom-on-170gm
Foodland Balaklava,2025-05-04 23:58:06,John West Protein+ Tuna Bowl Brown Rice Corn Black Beans Lime & Chilli,170g,N/A,$4.20,$24.71 per kg,https://foodlandbalaklava.com.au//lines/j-west-tuna-prot-b-rce-cr170gm
Foodland Balaklava,2025-05-04 23:58:06,John West Protein+ Tuna Bowl Roasted Capsicum & Three Bean Mix,170g,N/A,$4.20,$24.71 per kg,https://foodlandbalaklava.com.au//lines/j-west-tuna-prot-cap-3bn-170gm
Foodland Balaklava,2025-05-04 23:58:06,John West Salmon Pink,105g,N/A,$4.20,$40.00 per kg,https://foodlandbalaklava.com.au//lines/j-west-salmon-pink-105gm
Foodland Balaklava,2025-05-04 23:58:06,John West Salmon Pink,210g,was $6.85,$5.65,$26.90 per kg,https://foodlandbalaklava.com.au//lines/j-west-salmon-pink-210gm
Foodland Balaklava,2025-05-04 23:58:06,John West Salmon Red,105g,N/A,$6.85,$65.24 per kg,https://foodlandbalaklava.com.au//lines/j-west-salmon-red-105gm
Foodland Balaklava,2025-05-04 23:58:06,John West Salmon Red,210g,N/A,$10.50,$50.00 per kg,https://foodlandbalaklava.com.au//lines/j-west-salmon-red-210gm
Foodland Balaklava,2025-05-04 23:58:06,John West Salmon Skinless & Boneless Springwater,200g,N/A,$5.80,$29.00 per kg,https://foodlandbalaklava.com.au//lines/j-west-salmon-s-b-spwtr-200gm
Foodland Balaklava,2025-05-04 23:58:06,John West Salmon Slices Smoked,125g,was $5.15,$4.50,$36.00 per kg,https://foodlandbalaklava.com.au//lines/j-west-salmon-slc-smkd-125gm
Foodland Balaklava,2025-05-04 23:58:06,John West Salmon Tempters Olive Oil,95g,was $3.45,$3.15,$33.16 per kg,https://foodlandbalaklava.com.au//lines/j-west-tempt-sal-o-oil-95gm
Foodland Balaklava,2025-05-04 23:58:06,John West Salmon Tempters Spring Water,95g,was $3.45,$3.15,$33.16 per kg,https://foodlandbalaklava.com.au//lines/j-west-tempt-sal-spwtr-95gm
Foodland Balaklava,2025-05-04 23:58:06,John West Sardines In Springwater,110g,was $3.55,$3.00,$27.27 per kg,https://foodlandbalaklava.com.au//lines/j-west-sard-spr-wtr-s-r-110gm
Foodland Balaklava,2025-05-04 23:58:06,John West Tempter Canned Tuna Sweet Chilli,95g,N/A,$2.70,$28.42 per kg,https://foodlandbalaklava.com.au//lines/j-west-tuna-sweet-chilli-95gm
Foodland Balaklava,2025-05-04 23:58:06,John West Tempters Lemon And Cracked Pepper,100g,N/A,$2.70,$28.42 per kg,https://foodlandbalaklava.com.au//lines/j-west-tuna-lemon-pepper-95gm-1
Foodland Balaklava,2025-05-04 23:58:06,John West Tempters Tuna Mango Chilli,95g,N/A,$2.70,$28.42 per kg,https://foodlandbalaklava.com.au//lines/j-west-tuna-mango-chilli-95gm
Foodland Balaklava,2025-05-04 23:58:06,John West Tuna Light Tempters Springwater,95g,N/A,$2.70,$28.42 per kg,https://foodlandbalaklava.com.au//lines/j-west-tuna-lt-spr-water-95gm
Foodland Balaklava,2025-05-04 23:58:06,John West Tuna Meal Capsicum Corn Red Kidney Beans & Chilli,185g,was $4.60,$3.50,$18.92 per kg,https://foodlandbalaklava.com.au//lines/j-west-tuna-bn-cap-crn-ch185gm
Foodland Balaklava,2025-05-04 23:58:06,John West Tuna Olive Oil,425g,N/A,$5.50,$12.94 per kg,https://foodlandbalaklava.com.au//lines/j-west-tuna-olive-oil-425gm
Foodland Balaklava,2025-05-04 23:58:06,John West Tuna Salad Bean,185g,was $4.60,$3.50,$18.92 per kg,https://foodlandbalaklava.com.au//lines/j-west-tuna-bn-3bean-185gm
Foodland Balaklava,2025-05-04 23:58:06,John West Tuna Salad Capscum,185g,was $4.60,$3.50,$18.92 per kg,https://foodlandbalaklava.com.au//lines/j-west-tuna-bn-3bean-cap-185gm
Foodland Balaklava,2025-05-04 23:58:06,John West Tuna Slices In Olive Oil Blend,125g,was $4.00,$3.45,$27.60 per kg,https://foodlandbalaklava.com.au//lines/j-west-tuna-slcs-oil-125gm
Foodland Balaklava,2025-05-04 23:58:06,John West Tuna Slices In Springwater,125g,was $4.00,$3.45,$27.60 per kg,https://foodlandbalaklava.com.au//lines/j-west-tuna-slcs-sp-wter-125gm
Foodland Balaklava,2025-05-04 23:58:06,John West Tuna Tempters Mild Indian Curry,95g,N/A,$2.70,$28.42 per kg,https://foodlandbalaklava.com.au//lines/j-west-tuna-mild-ind-cry-95gm
Foodland Balaklava,2025-05-04 23:58:06,John West Wild Caught Salmon Bowl Coconut Chilli Lime & Thai Rice,170g,was $5.05,$4.00,$23.53 per kg,https://foodlandbalaklava.com.au//lines/j-west-salm-bwl-coco-lme-170gm
Foodland Balaklava,2025-05-04 23:58:06,John West Wild Caught Salmon Bowl Sweet Soy Vegetables & Black Rice,170g,was $5.05,$4.00,$23.53 per kg,https://foodlandbalaklava.com.au//lines/j-west-salm-bwl-soy-veg-170g
Foodland Balaklava,2025-05-04 23:58:06,John West Yellow Fin Tuna Tempters Cherry Tomato And Chilli,90g,was $3.05,$2.50,$27.78 per kg,https://foodlandbalaklava.com.au//lines/j-west-deli-tna-tom-chl-90gm
Foodland Balaklava,2025-05-04 23:58:06,John West Yellow Fin Tuna Tempters Evo & Pink Salt,90g,was $3.05,$2.50,$27.78 per kg,https://foodlandbalaklava.com.au//lines/j-west-deli-tna-pnk-slt-90gm
Foodland Balaklava,2025-05-04 23:58:06,John West Yellow Fin Tuna Tempters Lemon And Italian Herb,90g,was $3.05,$2.50,$27.78 per kg,https://foodlandbalaklava.com.au//lines/j-west-deli-tna-ital-hrb-90gm
Foodland Balaklava,2025-05-04 23:58:06,Johnnos Make Your Own Sauce,340g,N/A,$7.50,$2.21 per 100g,https://foodlandbalaklava.com.au//lines/johnnos-make-your-own-sce-340g
Foodland Balaklava,2025-05-04 23:58:06,Johnson's Baby Johnson's 3-In-1 Hypoallergenic Gentle Tear-Free Conditioning Baby Shampoo & Cleansing Wash,200mL,was $7.90,$5.40,$2.70 per 100mL,https://foodlandbalaklava.com.au//lines/j-j-baby-s-poo-gntl-cond-200ml
Foodland Balaklava,2025-05-04 23:58:06,Johnson's Baby Johnson's Aloe Vera & Vitamin E Gentle Mild Soothing Moisturising Baby Oil,500mL,was $13.15,$9.00,$1.80 per 100mL,https://foodlandbalaklava.com.au//lines/j-j-baby-oil-a-vera-500ml
Foodland Balaklava,2025-05-04 23:58:06,Johnson's Baby Johnson's Bedtime Gentle Calming Jasmine & Lily Scented Moisturising Baby Lotion,200mL,was $6.85,$4.70,$2.35 per 100mL,https://foodlandbalaklava.com.au//lines/j-j-baby-lotion-bedtime-200ml
Foodland Balaklava,2025-05-04 23:58:06,Johnson's Baby Johnson's Bedtime Gentle Calming Jasmine & Lily Scented Tear-Free Baby Bath,200mL,was $6.85,$4.70,$2.35 per 100mL,https://foodlandbalaklava.com.au//lines/j-j-baby-bath-bedtime-200ml
Foodland Balaklava,2025-05-04 23:58:06,Johnson's Baby Johnson's Bedtime Gentle Calming Jasmine & Lily Scented Tear-Free Baby Bath,500mL,was $11.55,$7.95,$1.59 per 100mL,https://foodlandbalaklava.com.au//lines/j-j-baby-bath-bedtime-500ml
Foodland Balaklava,2025-05-04 23:58:06,Johnson's Baby Johnson's Gentle Baby Cotton Buds 60 Pack,N/A,N/A,$5.80,$9.67 Units100,https://foodlandbalaklava.com.au//lines/j-j-baby-applicators-60s
Foodland Balaklava,2025-05-04 23:58:06,Johnson's Baby Johnson's Gentle Fresh Scented Mild Moisturising Baby Lotion,200mL,was $6.85,$4.70,$2.35 per 100mL,https://foodlandbalaklava.com.au//lines/j-j-baby-lotion-200ml
Foodland Balaklava,2025-05-04 23:58:06,Johnson's Baby Johnson's Gentle Fresh Scented Mild Moisturising Baby Lotion,500mL,was $11.55,$7.95,$1.59 per 100mL,https://foodlandbalaklava.com.au//lines/j-j-baby-lotion-500ml
Foodland Balaklava,2025-05-04 23:58:06,Johnson's Baby Johnson's Hypoallergenic Gentle Tear-Free Cleansing Baby Shampoo,200mL,was $6.85,$4.70,$2.35 per 100mL,https://foodlandbalaklava.com.au//lines/j-j-baby-shampoo-200ml
Foodland Balaklava,2025-05-04 23:58:08,Johnson's Baby Johnson's Hypoallergenic Gentle Tear-Free Cleansing Baby Shampoo,500mL,was $11.55,$7.95,$1.59 per 100mL,https://foodlandbalaklava.com.au//lines/j-j-baby-shampoo-500ml
Foodland Balaklava,2025-05-04 23:58:08,Johnson's Baby Johnson's Skincare Fragrance Free Baby Wipes 3 X 80 Pack,N/A,was $18.90,$14.00,$5.83 Units100,https://foodlandbalaklava.com.au//lines/j-j-baby-wipe-skncare-f-f3x80s
Foodland Balaklava,2025-05-04 23:58:08,Johnson's Daily Essentials Cleansing Wipes Normal Skin 25 Pack,N/A,was $7.55,$5.15,$0.21 Each,https://foodlandbalaklava.com.au//lines/j-j-clnse-wipe-3in1-25s
Foodland Balaklava,2025-05-04 23:58:08,Johnson's Daily Essentials Facial Cleansing Wipes Normal Skin 3 X 25 Pack 190 X 185mm,N/A,N/A,$15.00,$0.20 Each,https://foodlandbalaklava.com.au//lines/j-j-cln-face-wipes-val-p-3x25s
Foodland Balaklava,2025-05-04 23:58:08,Johnson's Face Care Daily Essentials Moisturising Dry Skin Wipes 25 Pack,N/A,was $7.55,$5.15,$0.21 Each,https://foodlandbalaklava.com.au//lines/j-j-clnse-wipe-ess-dry-skn-25s
Foodland Balaklava,2025-05-04 23:58:08,Johnson’​S Baby Pure Cornstarch Moisture Absorbing Baby Powder,200g,N/A,$5.40,$2.70 per 100g,https://foodlandbalaklava.com.au//lines/j-j-baby-crnstrch-200gm
Foodland Balaklava,2025-05-04 23:58:08,Johnson’​S Baby Pure Cornstarch Moisture Absorbing Baby Powder,400g,N/A,$8.40,$2.10 per 100g,https://foodlandbalaklava.com.au//lines/j-j-baby-crnstrch-400gm
Foodland Balaklava,2025-05-04 23:58:08,Jojo Crayon Bubblegum,55g,N/A,$2.30,$4.18 per 100g,https://foodlandbalaklava.com.au//lines/crayon-bubble-gum-55gm-1
Foodland Balaklava,2025-05-04 23:58:08,Jojo Strawberry Taffy Rope,25g,N/A,$0.80,$3.20 per 100g,https://foodlandbalaklava.com.au//lines/jojo-taffy-rope-strawberry-25g
Foodland Balaklava,2025-05-04 23:58:08,Jojo Watermelon Taffy Rope,25g,N/A,$0.80,$3.20 per 100g,https://foodlandbalaklava.com.au//lines/jojo-taffy-rope-watermelon-25g
Foodland Balaklava,2025-05-04 23:58:08,Jonny’​S Popcorn Delights Sweet & Salty Popcorn,112g,N/A,$3.30,$2.95 per 100g,https://foodlandbalaklava.com.au//lines/jonnys-popcorn-swt-salty-112gm
Foodland Balaklava,2025-05-04 23:58:08,Joojoos Melon Jugglers,150g,was $2.49,$2.05,$1.37 per 100g,https://foodlandbalaklava.com.au//lines/jjs-melon-jugglers-150g
Foodland Balaklava,2025-05-04 23:58:08,Joojoos Rainbow Sunset,130g,was $2.49,$2.05,$1.37 per 100g,https://foodlandbalaklava.com.au//lines/jjs-r-bow-sunset-carpet-130g
Foodland Balaklava,2025-05-04 23:58:08,Joojoos Sour Cola Bottles,175g,was $2.49,$2.05,$1.37 per 100g,https://foodlandbalaklava.com.au//lines/jjs-kalula-cola-bottes-150g
Foodland Balaklava,2025-05-04 23:58:08,Joojoo’​S Strawberry And Blueberry Belts,160g,was $2.49,$2.05,$1.37 per 100g,https://foodlandbalaklava.com.au//lines/jjs-grizzo-straw-bluebelt-160g
Foodland Balaklava,2025-05-04 23:58:08,Jordans Crunchy Granola Bursting With Berries,500g,N/A,$9.45,$1.89 per 100g,https://foodlandbalaklava.com.au//lines/jordans-oat-granola-berry-500gm
Foodland Balaklava,2025-05-04 23:58:08,Jordans Crunchy Oat Clusters Chunky Nut,500g,N/A,$9.45,$1.89 per 100g,https://foodlandbalaklava.com.au//lines/jordans-oat-crisp-chnky-500gm
Foodland Balaklava,2025-05-04 23:58:08,Jordans Crunchy Oat Clusters Wild About Berries,500g,N/A,$9.45,$1.89 per 100g,https://foodlandbalaklava.com.au//lines/jordans-oat-clstr-wldbry-500gm
Foodland Balaklava,2025-05-04 23:58:08,Jordans Simply Granola Crunchy Oat & Honey,750g,N/A,$9.45,$1.26 per 100g,https://foodlandbalaklava.com.au//lines/jordans-oat-crnch-granola750gm
Foodland Balaklava,2025-05-04 23:58:08,Jt's Coconut Essence Water Tropical,490mL,N/A,$3.60,$0.73 per 100mL,https://foodlandbalaklava.com.au//lines/jt-s-tropical-c-nut-water-490ml
Foodland Balaklava,2025-05-04 23:58:08,Jts Water Coconut,1L,was $4.90,$3.50,$0.35 per 100mL,https://foodlandbalaklava.com.au//lines/jt-s-coconut-water-1l
Foodland Balaklava,2025-05-04 23:58:08,Jt’​S Lychee Coconut Water,490mL,N/A,$3.60,$0.73 per 100mL,https://foodlandbalaklava.com.au//lines/jt-s-lychee-c-nut-water-490ml
Foodland Balaklava,2025-05-04 23:58:08,Jt’​S Passionfruit & Coconut Water,490mL,N/A,$3.60,$0.73 per 100mL,https://foodlandbalaklava.com.au//lines/jt-s-passionfruit-c-nut-water-490ml
Foodland Balaklava,2025-05-04 23:58:08,Juicy App Blackcurrant Juice,2L,N/A,$8.00,$4.00 per L,https://foodlandbalaklava.com.au//lines/juicy-app-blackcurrant-juice-2l
Foodland Balaklava,2025-05-04 23:58:08,Juicy Apple Juice,2L,N/A,$8.00,$4.00 per L,https://foodlandbalaklava.com.au//lines/juicy-apple-juice-2l
Foodland Balaklava,2025-05-04 23:58:08,Juicy Fruit Chewing Gum Multipack 4 X 10 Piece,56g,N/A,$5.25,$9.37 per 100g,https://foodlandbalaklava.com.au//lines/wrig-juicy-frt-sugar-free-4pk
Foodland Balaklava,2025-05-04 23:58:08,Juicy Isle 100% Juicy Orange,2L,N/A,$8.50,$4.25 per L,https://foodlandbalaklava.com.au//lines/juicy-orange-juice-2l
Foodland Balaklava,2025-05-04 23:58:08,"Juicy Isle 100% Juicy Orange, Apple & Mango",2L,N/A,$8.00,$4.00 per L,https://foodlandbalaklava.com.au//lines/juicy-org-apple-mango-juice-2l
Foodland Balaklava,2025-05-04 23:58:08,Juicy Isle Apple & Blackcurrant Juice,250mL,N/A,$2.15,$0.86 per 100mL,https://foodlandbalaklava.com.au//lines/j-isle-app-blkcurrant-nas-250ml
Foodland Balaklava,2025-05-04 23:58:08,Juicy Isle Apple Pop Top,250mL,N/A,$2.15,$0.86 per 100mL,https://foodlandbalaklava.com.au//lines/j-isle-apple-juice-250ml
Foodland Balaklava,2025-05-04 23:58:08,Juicy Isle Lime Topping,375mL,N/A,$3.99,$1.06 per 100mL,https://foodlandbalaklava.com.au//lines/j-isle-topping-lime-375ml
Foodland Balaklava,2025-05-04 23:58:08,Juicy Isle Strawberry Topping,375mL,N/A,$3.99,$1.06 per 100mL,https://foodlandbalaklava.com.au//lines/j-isle-strawberry-topping-375ml
Foodland Balaklava,2025-05-04 23:58:08,Jungle Loot Bags 10pk S/​C,N/A,N/A,$3.31,N/A,https://foodlandbalaklava.com.au//lines/jungle-loot-bags-10pk-s-c
Foodland Balaklava,2025-05-04 23:58:08,Just Bikes Magazine,N/A,N/A,$9.95,N/A,https://foodlandbalaklava.com.au//lines/just-bikes
Foodland Balaklava,2025-05-04 23:58:08,Just Cars Inc Just Parts,N/A,N/A,$10.95,N/A,https://foodlandbalaklava.com.au//lines/just-cars
Foodland Balaklava,2025-05-04 23:58:08,Just For Men Shampoo-In Haircolour Medium Brown,66mL,was $16.30,$14.40,N/A,https://foodlandbalaklava.com.au//lines/just-for-men-hair-col-med-brn
Foodland Balaklava,2025-05-04 23:58:08,Just Holdens,N/A,N/A,$14.20,N/A,https://foodlandbalaklava.com.au//lines/just-holdens
Foodland Balaklava,2025-05-04 23:58:08,Just Juice Apple Blackcurrant Multipack Juice,6 x 200mL,N/A,$6.85,$5.71 per L,https://foodlandbalaklava.com.au//lines/just-juice-appl-bcurnt-6x200ml
Foodland Balaklava,2025-05-04 23:58:08,Just Juice Apple Juice,1L,was $3.25,$3.10,$3.10 per L,https://foodlandbalaklava.com.au//lines/just-juice-apple-1l
Foodland Balaklava,2025-05-04 23:58:08,Just Juice Apple Juice Multipack,6 x 200mL,N/A,$6.85,$5.71 per L,https://foodlandbalaklava.com.au//lines/just-juice-apple-6x200ml
Foodland Balaklava,2025-05-04 23:58:08,Just Juice Orange Juice,1L,was $3.25,$3.10,$3.10 per L,https://foodlandbalaklava.com.au//lines/just-juice-orange-u-s-1l
Foodland Balaklava,2025-05-04 23:58:08,Just Juice Paradise Punch Juice Multipack,6 x 200mL,N/A,$6.85,$5.71 per L,https://foodlandbalaklava.com.au//lines/just-juice-paradse-pnch6x200ml
Foodland Balaklava,2025-05-04 23:58:08,K-Roo Herb & Garlic Steaks,400g,N/A,$12.00,$30.00 per kg,https://foodlandbalaklava.com.au//lines/kroo-steaks-hrb-garlic-400g
Foodland Balaklava,2025-05-04 23:58:08,K-Roo Kangaroo Steaks,400g,N/A,$12.00,$30.00 per kg,https://foodlandbalaklava.com.au//lines/kroo-steaks-kangaroo-400g
Foodland Balaklava,2025-05-04 23:58:08,K-Zone,N/A,N/A,$9.99,N/A,https://foodlandbalaklava.com.au//lines/k-zone-1
Foodland Balaklava,2025-05-04 23:58:08,K/​Bond Bath Bombs Gift Pack,N/A,was $15.00,$8.00,N/A,https://foodlandbalaklava.com.au//lines/k-bond-bath-bombs-gift-pack
Foodland Balaklava,2025-05-04 23:58:08,K/​Bond Bath Salts,N/A,N/A,$4.00,N/A,https://foodlandbalaklava.com.au//lines/k-bond-bath-salts
Foodland Balaklava,2025-05-04 23:58:08,K/​Bond Braider,N/A,N/A,$10.00,N/A,https://foodlandbalaklava.com.au//lines/k-bond-braider
Foodland Balaklava,2025-05-04 23:58:09,K/​Bond Glass Tumbler W Lid,N/A,N/A,$8.00,N/A,https://foodlandbalaklava.com.au//lines/k-bond-glass-tumbler-w-lid
Foodland Balaklava,2025-05-04 23:58:09,K/​Bond Ss Food Flask W/​Spoon,N/A,N/A,$18.00,N/A,https://foodlandbalaklava.com.au//lines/k-bond-ss-food-flask-w-spoon
Foodland Balaklava,2025-05-04 23:58:09,Ka-Bluey Liqued Filled Sour Chews,150g,N/A,$3.50,$2.33 per 100g,https://foodlandbalaklava.com.au//lines/ka-bluey-sour-chew-150g
Foodland Balaklava,2025-05-04 23:58:09,Kale Bunch,N/A,N/A,$5.25,N/A,https://foodlandbalaklava.com.au//lines/kale-bunch-2
Foodland Balaklava,2025-05-04 23:58:09,Kan Tong Chinese Barbecue Stir Fry Cooking Sauce,520g,N/A,$4.85,$0.93 per 100g,https://foodlandbalaklava.com.au//lines/kantong-sce-stf-chnse-bbq520gm
Foodland Balaklava,2025-05-04 23:58:09,Kan Tong Honey Teriyaki Chicken Stir Fry Cooking Sauce,510g,N/A,$4.85,$0.95 per 100g,https://foodlandbalaklava.com.au//lines/kantong-sce-jar-hny-teri-510gm
Foodland Balaklava,2025-05-04 23:58:09,"Kan Tong Honey, Sesame & Garlic Stir Fry Cooking Sauce",520g,N/A,$4.85,$0.93 per 100g,https://foodlandbalaklava.com.au//lines/kantong-sce-jar-hn-s-garl520gm
Foodland Balaklava,2025-05-04 23:58:09,Kan Tong Satay Chicken Meal Base Pouch,180g,was $3.70,$3.00,$1.67 per 100g,https://foodlandbalaklava.com.au//lines/kantong-sce-satay-pch-180gm
Foodland Balaklava,2025-05-04 23:58:09,Kan Tong Sweet Soy & Garlic Stir Fry Cooking Sauce,515g,N/A,$4.85,$0.94 per 100g,https://foodlandbalaklava.com.au//lines/kantong-sce-jar-s-soy-gar515gm
Foodland Balaklava,2025-05-04 23:58:09,Kangaroo Meatballs,420g,N/A,$8.50,$20.24 per kg,https://foodlandbalaklava.com.au//lines/kangaroo-meatballs-420gm
Foodland Balaklava,2025-05-04 23:58:09,Karicare Stage 2 Follow-On Formula From 6-12 Months,900g,N/A,$20.00,$2.22 per 100g,https://foodlandbalaklava.com.au//lines/karicare-formula-follow-900gm
Foodland Balaklava,2025-05-04 23:58:09,Karicare Stage 3 Toddler Milk Drink From 12+ Months,900g,N/A,$21.00,$2.33 per 100g,https://foodlandbalaklava.com.au//lines/karicare-formula-tdlr-3-900gm
Foodland Balaklava,2025-05-04 23:58:09,Katoomba Original Samosa,N/A,was $8.20,$7.85,$1.40 per 100g,https://foodlandbalaklava.com.au//lines/katoomba-samosa-orig-8pcs-560g
Foodland Balaklava,2025-05-04 23:58:09,Kb's Beer Battered Flathead Fillets,1kg,N/A,$30.00,$30.00 per kg,https://foodlandbalaklava.com.au//lines/kb-s-flathead-beer-battered-1kg
Foodland Balaklava,2025-05-04 23:58:09,Kb's Lemon And Pepper Squid,360g,N/A,$9.50,$2.64 per 100g,https://foodlandbalaklava.com.au//lines/kb-s-lemon-and-pepper-squid-360g
Foodland Balaklava,2025-05-04 23:58:09,Kb's Salt And Pepper Squid,360g,N/A,$9.50,$2.64 per 100g,https://foodlandbalaklava.com.au//lines/kb-s-salt-and-pepper-squid-360g
Foodland Balaklava,2025-05-04 23:58:09,Kb’​S Tempura Prawns,300g,N/A,$9.50,$3.17 per 100g,https://foodlandbalaklava.com.au//lines/kb-s-tempura-prawns-300g
Foodland Balaklava,2025-05-04 23:58:09,Keen's Mustard,50g,N/A,$5.60,$11.20 per 100g,https://foodlandbalaklava.com.au//lines/keens-mustard-powder-50gm
Foodland Balaklava,2025-05-04 23:58:09,Kellogg's All-Bran Honey Almond,420g,N/A,$8.40,$2.00 per 100g,https://foodlandbalaklava.com.au//lines/kell-all-bran-honey-almd-420gm
Foodland Balaklava,2025-05-04 23:58:09,Kellogg's All-Bran Wheat Flakes,330g,N/A,$6.85,$2.08 per 100g,https://foodlandbalaklava.com.au//lines/kell-all-bran-wheat-flks-330gm
Foodland Balaklava,2025-05-04 23:58:09,Kellogg's Coco Pops Gluten Free,390g,N/A,$8.80,$2.26 per 100g,https://foodlandbalaklava.com.au//lines/kell-coco-pops-g-f-390gm
Foodland Balaklava,2025-05-04 23:58:09,Kellogg's Corn Flakes Breakfast Cereal,220g,N/A,$3.80,$1.73 per 100g,https://foodlandbalaklava.com.au//lines/kell-corn-flakes-220gm
Foodland Balaklava,2025-05-04 23:58:09,Kellogg's Corn Flakes Crumbs,300g,N/A,$3.80,$1.27 per 100g,https://foodlandbalaklava.com.au//lines/kell-corn-flake-crumbs-300gm
Foodland Balaklava,2025-05-04 23:58:09,Kellogg's Corn Flakes Gluten Free,270g,N/A,$5.90,$2.19 per 100g,https://foodlandbalaklava.com.au//lines/kell-corn-flakes-g-f-270gm
Foodland Balaklava,2025-05-04 23:58:09,Kellogg's Crispix Cereal Honey,460g,was $9.45,$8.65,$1.88 per 100g,https://foodlandbalaklava.com.au//lines/kell-crispix-460gm
Foodland Balaklava,2025-05-04 23:58:09,Kellogg's Crunchy Nut Corn Flakes,640g,was $10.50,$8.00,$1.25 per 100g,https://foodlandbalaklava.com.au//lines/kell-crunchy-nut-c-flakes640gm
Foodland Balaklava,2025-05-04 23:58:09,Kellogg's Crunchy Nut Corn Flakes Salted Caramel Flavour,380g,N/A,$7.35,$1.93 per 100g,https://foodlandbalaklava.com.au//lines/kell-crunchy-nut-slt-crml380gm
Foodland Balaklava,2025-05-04 23:58:09,Kellogg's Guardian,360g,N/A,$6.50,$1.81 per 100g,https://foodlandbalaklava.com.au//lines/kell-guardian-360gm
Foodland Balaklava,2025-05-04 23:58:09,Kellogg's Just Right Original,460g,N/A,$7.50,$1.63 per 100g,https://foodlandbalaklava.com.au//lines/kell-just-right-original-460gm
Foodland Balaklava,2025-05-04 23:58:09,Kellogg's K-Time Baked Twists Strawberry & Blueberry Flavour E185g (​5 X ) 185g,37g,N/A,$5.80,$3.14 per 100g,https://foodlandbalaklava.com.au//lines/kell-k-tme-twst-str-blubry185g
Foodland Balaklava,2025-05-04 23:58:09,Kellogg's Lcms Kaleidos 12 Bar Pack,240g,was $7.90,$7.05,$2.94 per 100g,https://foodlandbalaklava.com.au//lines/kell-lcm-r-bub-kaleidos-240gm
Foodland Balaklava,2025-05-04 23:58:09,Kellogg's Nutri-Grain 25% Less Sugar Vanilla Malt Flavour,450g,was $9.45,$8.55,$1.90 per 100g,https://foodlandbalaklava.com.au//lines/kell-nutri-grain-van-mlt-450gm
Foodland Balaklava,2025-05-04 23:58:09,Kellogg's Rice Bubbles Value Pack,860g,N/A,$10.50,$1.22 per 100g,https://foodlandbalaklava.com.au//lines/kell-rice-bubbles-860gm
Foodland Balaklava,2025-05-04 23:58:09,Kellogg's Special K High Fibre Cereal,385g,N/A,$8.20,$2.13 per 100g,https://foodlandbalaklava.com.au//lines/kell-special-k-high-fibre385gm
Foodland Balaklava,2025-05-04 23:58:09,Kellogg's Sustain,460g,N/A,$7.90,$1.72 per 100g,https://foodlandbalaklava.com.au//lines/kell-sustain-460gm
Foodland Balaklava,2025-05-04 23:58:09,Kellogg's Variety Pack 8 Assorted Breakfast Cereal Sachets,275g,N/A,$8.95,$3.25 per 100g,https://foodlandbalaklava.com.au//lines/kell-variety-8pk-1
Foodland Balaklava,2025-05-04 23:58:09,Kent Pumpkin,250g,N/A,$2.00,$8.00 per kg,https://foodlandbalaklava.com.au//lines/kent-pumpkin-250g
Foodland Balaklava,2025-05-04 23:58:09,Kettle Angus Beef & Caramelised Onion Potato Chips,150g,N/A,$6.00,$4.00 per 100g,https://foodlandbalaklava.com.au//lines/kettle-chips-ang-bf-c-on-150g
Foodland Balaklava,2025-05-04 23:58:09,Kettle Applewood Smoked Butter & Sea Salt Potato Chips,150g,N/A,$6.00,$4.00 per 100g,https://foodlandbalaklava.com.au//lines/kettle-chips-smk-btr-s-slt150g
Foodland Balaklava,2025-05-04 23:58:09,Kettle Chips Chilli,165g,N/A,$6.00,$3.64 per 100g,https://foodlandbalaklava.com.au//lines/kettle-chips-chilli-165gm
Foodland Balaklava,2025-05-04 23:58:09,Kewpie Mayonnaise,500g,N/A,$8.40,$1.68 per 100g,https://foodlandbalaklava.com.au//lines/kewpie-mayonnaise-500gm
Foodland Balaklava,2025-05-04 23:58:09,Kewpie Roasted Sesame Dressing,210g,N/A,$5.45,$2.60 per 100mL,https://foodlandbalaklava.com.au//lines/kewpie-dress-rstd-sesame-210ml
Foodland Balaklava,2025-05-04 23:58:09,Kez's Free Gf Vienna Eclairs,190g,N/A,$8.30,$4.37 per 100g,https://foodlandbalaklava.com.au//lines/kez-g-f-vienna-eclairs-190g
Foodland Balaklava,2025-05-04 23:58:09,Kez's Kitchen Gluten Free Fudgy Chocolate Flourless Brownies,210g,N/A,$8.30,$3.95 per 100g,https://foodlandbalaklava.com.au//lines/kez-g-f-choc-fudge-brownie-210g
Foodland Balaklava,2025-05-04 23:58:09,Kez's Kitchen Gluten Free Lemon Cream Melting Moments,190g,N/A,$8.30,$4.37 per 100g,https://foodlandbalaklava.com.au//lines/kez-g-f-melting-moments-190g
Foodland Balaklava,2025-05-04 23:58:09,Kiddylicious - Crispy Tiddlers Raspberry Single,12g,N/A,$2.30,$19.17 per 100g,https://foodlandbalaklava.com.au//lines/kiddylicious-tiddlers-rasp12gm
Foodland Balaklava,2025-05-04 23:58:09,Kiddylicious Cheesy Veggie Straws Single,12g,N/A,$2.30,$19.17 per 100g,https://foodlandbalaklava.com.au//lines/kiddylicious-straw-veg-chs12gm
Foodland Balaklava,2025-05-04 23:58:09,Kiddylicious Strawberry And Banana Melts Single,6g,N/A,$2.30,$38.33 per 100g,https://foodlandbalaklava.com.au//lines/kiddylicious-melt-sbry-ban-6g
Foodland Balaklava,2025-05-04 23:58:10,Kiddylicious Wafers Blueberry 4 Pack,N/A,N/A,$3.35,$20.94 per 100g,https://foodlandbalaklava.com.au//lines/kiddylicious-wfrs-blbry-16g
Foodland Balaklava,2025-05-04 23:58:10,Kikkoman Gluten Free Soy Sauce,250mL,N/A,$6.60,$2.64 per 100mL,https://foodlandbalaklava.com.au//lines/kikkoman-sce-soy-g-f-250ml
Foodland Balaklava,2025-05-04 23:58:10,Kikkoman Honey & Soy Marinade,250mL,N/A,$4.20,$1.68 per 100mL,https://foodlandbalaklava.com.au//lines/kikkoman-marin-honey-soy-250ml
Foodland Balaklava,2025-05-04 23:58:10,Kikkoman Karage Frd Chic,100g,N/A,$3.55,$3.55 per 100g,https://foodlandbalaklava.com.au//lines/kikkoman-karage-frd-chic-100g
Foodland Balaklava,2025-05-04 23:58:10,Kikkoman Soy Sauce,250mL,N/A,$6.40,$2.56 per 100mL,https://foodlandbalaklava.com.au//lines/kikkoman-sce-soy-250ml
Foodland Balaklava,2025-05-04 23:58:10,Kikkoman Soy Sauce,600mL,was $8.30,$6.90,$1.15 per 100mL,https://foodlandbalaklava.com.au//lines/kikkoman-sce-soy-600ml
Foodland Balaklava,2025-05-04 23:58:10,Kikkoman Stir Fry Sauce Asian Herbs,225g,was $4.00,$3.00,$1.33 per 100g,https://foodlandbalaklava.com.au//lines/kikkoman-sce-s-f-asia-hrb225gm
Foodland Balaklava,2025-05-04 23:58:10,Kikkoman Sweet Chilli Dipping Sauce,250g,was $4.00,$3.00,$1.20 per 100g,https://foodlandbalaklava.com.au//lines/kikkoman-sce-dip-swt-chl-250gm
Foodland Balaklava,2025-05-04 23:58:10,Kikkoman Teriyaki Marinade,250mL,N/A,$4.20,$1.68 per 100mL,https://foodlandbalaklava.com.au//lines/kikkoman-marin-sce-teryki250ml
Foodland Balaklava,2025-05-04 23:58:10,Kinder Bueno Classic Frozen Dessert Cone,248g,N/A,$12.60,$4.96 per 100g,https://foodlandbalaklava.com.au//lines/kinder-bueno-i-crm-classic-4pk
Foodland Balaklava,2025-05-04 23:58:10,Kinder Bueno Milk Chocolate Bar,43g,N/A,$3.15,$7.33 per 100g,https://foodlandbalaklava.com.au//lines/kinder-bueno-43gm
Foodland Balaklava,2025-05-04 23:58:10,Kinder Bueno White Frozen Dessert Cone,248g,N/A,$12.60,$4.96 per 100g,https://foodlandbalaklava.com.au//lines/kinder-bueno-i-crm-white-4pk
Foodland Balaklava,2025-05-04 23:58:10,Kinder Chocolate 16 Treats Share Bag,200g,N/A,$7.35,$3.68 per 100g,https://foodlandbalaklava.com.au//lines/kinder-choc-share-pk-16s-200gm
Foodland Balaklava,2025-05-04 23:58:10,Kinder Chocolate 4 Treats Pack,50g,N/A,$2.95,$5.90 per 100g,https://foodlandbalaklava.com.au//lines/kinder-choc-littleones-t4-50gm
Foodland Balaklava,2025-05-04 23:58:10,Kinder Easter Hollow Figures,35g,N/A,$3.00,$8.57 per 100g,https://foodlandbalaklava.com.au//lines/kinder-chicks-hollow-figs-35gm
Foodland Balaklava,2025-05-04 23:58:10,Kinder Maxi Milk Chocolate Single Snack Bar,21g,N/A,$1.05,$5.00 per 100g,https://foodlandbalaklava.com.au//lines/kinder-choc-maxi-t1-21gm
Foodland Balaklava,2025-05-04 23:58:10,Kindness Wool Wash Laundry Liquid,1L,N/A,$10.50,$10.50 per L,https://foodlandbalaklava.com.au//lines/kindness-l-liq-wool-wash-1l
Foodland Balaklava,2025-05-04 23:58:10,King Of Kings BBQ Pork Buns,380g,N/A,$10.70,$2.82 per 100g,https://foodlandbalaklava.com.au//lines/king-of-kings-bbq-pork-bun-380g
Foodland Balaklava,2025-05-04 23:58:10,King Oscar Sardines In Water,N/A,N/A,$7.35,$17.50 per kg,https://foodlandbalaklava.com.au//lines/k-oscar-sardine-s-wtr-4p-420g
Foodland Balaklava,2025-05-04 23:58:10,Kintra Rooibos Chai Tea 32 Bags,80g,N/A,$8.50,$10.62 per 100g,https://foodlandbalaklava.com.au//lines/higher-living-roobis-tea-32pk-80g
Foodland Balaklava,2025-05-04 23:58:10,Kirks-Ko Kirks Club Soda Water Bottle,1.25L,was $3.00,$2.55,$2.04 per L,https://foodlandbalaklava.com.au//lines/kirks-soda-water-1-25l
Foodland Balaklava,2025-05-04 23:58:10,Kirks-Ko Kirks Dry Ginger Ale Multipack Cans,6 x 250mL,was $8.95,$6.20,$4.13 per L,https://foodlandbalaklava.com.au//lines/kirks-dry-ginger-ale-6x250ml
Foodland Balaklava,2025-05-04 23:58:10,Kirks-Ko Kirks Indian Tonic Water Bottle,1.25L,was $3.00,$2.55,$2.04 per L,https://foodlandbalaklava.com.au//lines/kirks-tonic-water-1-25l
Foodland Balaklava,2025-05-04 23:58:10,Kirks-Ko Kirks Lime & Soda Multipack Cans,6 x 250mL,was $8.95,$6.20,$4.13 per L,https://foodlandbalaklava.com.au//lines/kirks-lime-soda-6x250ml
Foodland Balaklava,2025-05-04 23:58:10,Kirks-Ko Kirks Orange Bottle,1.25L,was $3.00,$2.55,$2.04 per L,https://foodlandbalaklava.com.au//lines/kirks-orange-1-25l
Foodland Balaklava,2025-05-04 23:58:10,Kirks-Ko Kirks Orange Sugar Free Bottle,1.25L,was $3.00,$2.55,$2.04 per L,https://foodlandbalaklava.com.au//lines/kirks-orange-s-free-1-25l
Foodland Balaklava,2025-05-04 23:58:10,Kirks-Ko Kirks Sugar Free Creaming Soda Bottle Soft Drink,1.25L,was $3.00,$2.55,$2.04 per L,https://foodlandbalaklava.com.au//lines/kirks-c-soda-s-free-1-25l
Foodland Balaklava,2025-05-04 23:58:10,Kitchens & Bathrooms Plain Cover,N/A,N/A,$11.95,N/A,https://foodlandbalaklava.com.au//lines/kitchens-bathrooms-plain-cover
Foodland Balaklava,2025-05-04 23:58:10,Kiwifruit Gold Each,N/A,N/A,$1.80,N/A,https://foodlandbalaklava.com.au//lines/kiwifruit-gold
Foodland Balaklava,2025-05-04 23:58:10,Kleenex Allergy Comfort 3 Ply Facial Tissues 85 Pack,N/A,was $3.15,$2.60,$3.06 Units100,https://foodlandbalaklava.com.au//lines/klnx-tissue-alrgy-comfrt-85s
Foodland Balaklava,2025-05-04 23:58:10,Kleenex Anti-Bacterial To-Go Wipes 15 Pack 13.​9cm,N/A,was $2.65,$2.40,$16.00 Units100,https://foodlandbalaklava.com.au//lines/klnx-f-tissue-a-b-wet-wipe-15s
Foodland Balaklava,2025-05-04 23:58:10,Kleenex Anti-Bacterial To-Go Wipes 40 Pack,N/A,was $5.25,$4.75,$0.12 Each,https://foodlandbalaklava.com.au//lines/klnx-wipe-anti-bacterial-40s
Foodland Balaklava,2025-05-04 23:58:10,Kleenex Soft Lotion Pocket Pack 3 Ply Facial Tissues 6 Pack,N/A,was $3.90,$3.40,$5.67 Units100,https://foodlandbalaklava.com.au//lines/klnx-tissue-pkt-pk-sft-ltn-6s
Foodland Balaklava,2025-05-04 23:58:10,Knaus Coff Mach Cln/​Dsclr,300mL,was $9.70,$9.25,$3.08 per 100mL,https://foodlandbalaklava.com.au//lines/knaus-coff-mach-cln-dsclr-300ml
Foodland Balaklava,2025-05-04 23:58:10,Knorr Chicken Powder,227g,was $8.40,$6.20,$2.73 per 100g,https://foodlandbalaklava.com.au//lines/knorr-powder-chicken-227g
Foodland Balaklava,2025-05-04 23:58:10,Knorr Garde D'or Sauce Bearnaise,1L,N/A,$21.99,$21.99 per kg,https://foodlandbalaklava.com.au//lines/garde-d-or-bearnaise-sauce-1lt
Foodland Balaklava,2025-05-04 23:58:10,Knorr Liquid Seasoning Original,250mL,N/A,$3.70,$1.48 per 100mL,https://foodlandbalaklava.com.au//lines/knorr-liq-seasoning-orig-250ml
Foodland Balaklava,2025-05-04 23:58:10,Knot Rolls Single,N/A,N/A,$1.50,N/A,https://foodlandbalaklava.com.au//lines/knot-rolls-single
Foodland Balaklava,2025-05-04 23:58:10,Knuckle Duster Original,220g,N/A,$13.99,$6.36 per 100g,https://foodlandbalaklava.com.au//lines/knuckle-duster-original-220g
Foodland Balaklava,2025-05-04 23:58:10,Koala Cards,N/A,N/A,$1.00,N/A,https://foodlandbalaklava.com.au//lines/koala-cards-trad-134
Foodland Balaklava,2025-05-04 23:58:10,Koala Cards,N/A,N/A,$3.00,N/A,https://foodlandbalaklava.com.au//lines/koala-cards-fathers-day-1
Foodland Balaklava,2025-05-04 23:58:10,Koala Cards Harmony,N/A,N/A,$3.00,N/A,https://foodlandbalaklava.com.au//lines/koala-cards-harmony-71
Foodland Balaklava,2025-05-04 23:58:10,Koala Cards Harmony,N/A,N/A,$3.00,N/A,https://foodlandbalaklava.com.au//lines/koala-cards-harmony-72
Foodland Balaklava,2025-05-04 23:58:10,Koala Life Captures Card,N/A,N/A,$2.00,N/A,https://foodlandbalaklava.com.au//lines/koala-life-captures-card-32
Foodland Balaklava,2025-05-04 23:58:10,Koala Life Captures Card,N/A,N/A,$2.00,N/A,https://foodlandbalaklava.com.au//lines/koala-life-captures-card-35
Foodland Balaklava,2025-05-04 23:58:10,Koala Life Captures Card,N/A,N/A,$2.00,N/A,https://foodlandbalaklava.com.au//lines/koala-life-captures-card-39
Foodland Balaklava,2025-05-04 23:58:10,Koala Life Captures Card,N/A,N/A,$2.00,N/A,https://foodlandbalaklava.com.au//lines/koala-life-captures-card-38
Foodland Balaklava,2025-05-04 23:58:10,Koala Wine Bottle Bag,N/A,N/A,$1.50,N/A,https://foodlandbalaklava.com.au//lines/koala-wine-bottle-bag
Foodland Balaklava,2025-05-04 23:58:11,Kodak Copy Paper 80 Gsm,N/A,N/A,$9.45,N/A,https://foodlandbalaklava.com.au//lines/kodak-copy-paper-80gsm
Foodland Balaklava,2025-05-04 23:58:11,Kong Foo Fortune Cookies,100g,N/A,$5.45,$5.45 per 100g,https://foodlandbalaklava.com.au//lines/kfs-fortune-cookies-100gm
Foodland Balaklava,2025-05-04 23:58:11,Kook-A-Krmb Pnko Bcrumb,190g,was $4.50,$3.70,$1.95 per 100g,https://foodlandbalaklava.com.au//lines/kook-a-krmb-pnko-bcrumb-190g
Foodland Balaklava,2025-05-04 23:58:11,Kookas Raspberry Cookies,500g,N/A,$6.50,$1.30 per 100g,https://foodlandbalaklava.com.au//lines/kookas-raspberry-cookies-500g
Foodland Balaklava,2025-05-04 23:58:11,Korbond 24 Spiral Candles Plus 12 Holders 24,N/A,N/A,$2.31,N/A,https://foodlandbalaklava.com.au//lines/korbond-cndle-sprl24-12holders
Foodland Balaklava,2025-05-04 23:58:11,Korbond Anti Static Spry,125mL,N/A,$7.56,N/A,https://foodlandbalaklava.com.au//lines/korbond-anti-static-spry-125ml
Foodland Balaklava,2025-05-04 23:58:11,Korbond B/​Day Banner Letters,N/A,N/A,$3.36,N/A,https://foodlandbalaklava.com.au//lines/korbond-b-day-banner-letters
Foodland Balaklava,2025-05-04 23:58:11,Korbond B/​Day Candles Set,N/A,N/A,$2.31,N/A,https://foodlandbalaklava.com.au//lines/korbond-b-day-candles-set
Foodland Balaklava,2025-05-04 23:58:11,Korbond B/​Loon Rnd Astd 12pk,N/A,N/A,$1.47,$0.12 Each,https://foodlandbalaklava.com.au//lines/korbond-b-loon-rnd-astd-12pk
Foodland Balaklava,2025-05-04 23:58:11,Korbond B/​Loon Rnd H/​Bday 18pk,N/A,N/A,$3.15,N/A,https://foodlandbalaklava.com.au//lines/korbond-b-loon-rnd-h-bday-18pk
Foodland Balaklava,2025-05-04 23:58:11,Korbond Bag Washing,N/A,N/A,$5.67,N/A,https://foodlandbalaklava.com.au//lines/korbond-bag-washing-c-s
Foodland Balaklava,2025-05-04 23:58:11,Korbond Ball Ping Pong C/​S,N/A,N/A,$3.99,N/A,https://foodlandbalaklava.com.au//lines/korbond-ball-ping-pong-c-s
Foodland Balaklava,2025-05-04 23:58:11,Korbond Balloon Pump,N/A,N/A,$3.36,N/A,https://foodlandbalaklava.com.au//lines/korbond-b-loon-pump-1pk
Foodland Balaklava,2025-05-04 23:58:11,Korbond Balloon Round Pearl 30pk,N/A,N/A,$5.15,$0.17 Each,https://foodlandbalaklava.com.au//lines/korbond-b-loon-pearl-30cm-30pk
Foodland Balaklava,2025-05-04 23:58:11,Korbond Balloon Smiley 20pk,N/A,N/A,$3.15,$0.16 Each,https://foodlandbalaklava.com.au//lines/korbond-b-loon-smiley-20pk
Foodland Balaklava,2025-05-04 23:58:11,Korbond Bamboo Skewer 25cm 100pk,N/A,N/A,$2.31,N/A,https://foodlandbalaklava.com.au//lines/f-guru-skwer-b-boo-25cm-100pk
Foodland Balaklava,2025-05-04 23:58:11,Korbond Bath Ducks,N/A,N/A,$7.56,N/A,https://foodlandbalaklava.com.au//lines/bath-ducks-c-s
Foodland Balaklava,2025-05-04 23:58:11,Korbond Berry Pins 40pce,N/A,N/A,$3.68,N/A,https://foodlandbalaklava.com.au//lines/korbond-berry-pins-40pce
Foodland Balaklava,2025-05-04 23:58:11,Korbond Blowout Paper 20pk,N/A,N/A,$3.15,$0.52 Each,https://foodlandbalaklava.com.au//lines/korbond-blowout-paper-20pk
Foodland Balaklava,2025-05-04 23:58:11,Korbond Bubble Fun Pack,N/A,N/A,$4.62,N/A,https://foodlandbalaklava.com.au//lines/korbond-bubble-fun-pack-c-s
Foodland Balaklava,2025-05-04 23:58:11,Korbond Bubble Wand,N/A,N/A,$2.21,N/A,https://foodlandbalaklava.com.au//lines/korbond-bubble-wand
Foodland Balaklava,2025-05-04 23:58:11,Korbond Button Mixed Pack,N/A,N/A,$2.09,N/A,https://foodlandbalaklava.com.au//lines/korbond-button-mixed-pack
Foodland Balaklava,2025-05-04 23:58:11,Korbond Candle Birthday Number 9,N/A,N/A,$1.68,N/A,https://foodlandbalaklava.com.au//lines/korbond-cndle-b-day-number-9
Foodland Balaklava,2025-05-04 23:58:11,Korbond Candle Metallic Spiral,N/A,N/A,$3.10,N/A,https://foodlandbalaklava.com.au//lines/korbond-candle-metallic-spiral
Foodland Balaklava,2025-05-04 23:58:11,Korbond Candles Patterned,N/A,N/A,$2.10,N/A,https://foodlandbalaklava.com.au//lines/korbond-candles-patterned
Foodland Balaklava,2025-05-04 23:58:11,Korbond Candles Sparkling 24pk,N/A,N/A,$2.21,N/A,https://foodlandbalaklava.com.au//lines/korbond-candles-sparkling-24pk
Foodland Balaklava,2025-05-04 23:58:11,Korbond Cndle B/​Day Number 0,N/A,N/A,$1.68,N/A,https://foodlandbalaklava.com.au//lines/korbond-candle-number-0
Foodland Balaklava,2025-05-04 23:58:11,Korbond Cndle B/​Day Number 1,N/A,N/A,$1.68,N/A,https://foodlandbalaklava.com.au//lines/korbond-cndle-b-day-number-1
Foodland Balaklava,2025-05-04 23:58:11,Korbond Cndle B/​Day Number 2,N/A,N/A,$1.68,N/A,https://foodlandbalaklava.com.au//lines/korbond-cndle-b-day-number-2
Foodland Balaklava,2025-05-04 23:58:11,Korbond Cndle B/​Day Number 3,N/A,N/A,$1.68,N/A,https://foodlandbalaklava.com.au//lines/korbond-cndle-b-day-number-3
Foodland Balaklava,2025-05-04 23:58:11,Korbond Cndle B/​Day Number 4,N/A,N/A,$1.68,N/A,https://foodlandbalaklava.com.au//lines/korbond-cndle-b-day-number-4
Foodland Balaklava,2025-05-04 23:58:11,Korbond Cndle B/​Day Number 5,N/A,N/A,$1.68,N/A,https://foodlandbalaklava.com.au//lines/korbond-cndle-b-day-number-5
Foodland Balaklava,2025-05-04 23:58:11,Korbond Cndle B/​Day Number 6,N/A,N/A,$1.68,N/A,https://foodlandbalaklava.com.au//lines/korbond-cndle-b-day-number-6
Foodland Balaklava,2025-05-04 23:58:11,Korbond Cndle B/​Day Number 7,N/A,N/A,$1.68,N/A,https://foodlandbalaklava.com.au//lines/korbond-cndle-b-day-number-7
Foodland Balaklava,2025-05-04 23:58:11,Korbond Cndle B/​Day Number 8,N/A,N/A,$1.68,N/A,https://foodlandbalaklava.com.au//lines/korbond-cndle-b-day-number-8
Foodland Balaklava,2025-05-04 23:58:11,Korbond Cndle Happy B/​Day Pick,N/A,N/A,$5.46,N/A,https://foodlandbalaklava.com.au//lines/korbond-cndle-happy-b-day-pick
Foodland Balaklava,2025-05-04 23:58:11,Korbond Dish Clo Micro L&​C C/​S,N/A,N/A,$5.57,N/A,https://foodlandbalaklava.com.au//lines/korbond-dish-clo-micro-l-c-c-s
Foodland Balaklava,2025-05-04 23:58:11,Korbond Easy Thread Needles Each,N/A,N/A,$3.68,N/A,https://foodlandbalaklava.com.au//lines/korbond-needle-easy-thread-6pc
Foodland Balaklava,2025-05-04 23:58:11,Korbond Elastic Poly 12mmx2m,N/A,N/A,$4.20,N/A,https://foodlandbalaklava.com.au//lines/korbond-elastic-poly-12mmx2m
Foodland Balaklava,2025-05-04 23:58:11,Korbond Face Paint 9 Colrs C/​S,N/A,N/A,$5.78,N/A,https://foodlandbalaklava.com.au//lines/korbond-face-paint-9-colrs-c-s
Foodland Balaklava,2025-05-04 23:58:11,Korbond Fashion Tape 1pk,N/A,N/A,$11.03,N/A,https://foodlandbalaklava.com.au//lines/korbond-fashion-tape-1pk
Foodland Balaklava,2025-05-04 23:58:11,Korbond Fly Swat 1pk,N/A,N/A,$2.00,N/A,https://foodlandbalaklava.com.au//lines/korbond-fly-swat-c-s
Foodland Balaklava,2025-05-04 23:58:11,Korbond Foil Party Hats 8pk,N/A,N/A,$2.21,$0.28 Each,https://foodlandbalaklava.com.au//lines/korbond-foil-party-hats-8pk
Foodland Balaklava,2025-05-04 23:58:11,Korbond Food Huggers 2pcs C/​S,N/A,N/A,$7.88,N/A,https://foodlandbalaklava.com.au//lines/food-huggers-2pcs-c-s
Foodland Balaklava,2025-05-04 23:58:11,Korbond Grater 4 Sided 1pk,N/A,N/A,$8.40,N/A,https://foodlandbalaklava.com.au//lines/f-guru-grater-4-sided
Foodland Balaklava,2025-05-04 23:58:11,Korbond Iron On Mender 3pk,N/A,N/A,$6.30,N/A,https://foodlandbalaklava.com.au//lines/korbond-iron-on-mender-3pk
Foodland Balaklava,2025-05-04 23:58:11,Korbond Lint Roller Refill2x5m,N/A,N/A,$6.85,N/A,https://foodlandbalaklava.com.au//lines/lint-roller-refill-2x5m
Foodland Balaklava,2025-05-04 23:58:11,Korbond Lnt/​Roll Horizntal 1pk,N/A,N/A,$7.56,N/A,https://foodlandbalaklava.com.au//lines/korbond-lnt-roll-horizntal-1pk
Foodland Balaklava,2025-05-04 23:58:12,Korbond Measuring Jug,500mL,N/A,$2.42,N/A,https://foodlandbalaklava.com.au//lines/f-guru-measuring-jug-500ml
Foodland Balaklava,2025-05-04 23:58:12,Korbond Mender 3pk Darks,N/A,N/A,$5.04,N/A,https://foodlandbalaklava.com.au//lines/korbond-iron-on-mender-drk-3pk
Foodland Balaklava,2025-05-04 23:58:12,Korbond Needle Compact 30pce,N/A,N/A,$2.40,N/A,https://foodlandbalaklava.com.au//lines/korbond-needle-compact-30pce
Foodland Balaklava,2025-05-04 23:58:12,Korbond Needle Threadr&​Thimble,N/A,N/A,$2.00,N/A,https://foodlandbalaklava.com.au//lines/korbond-needle-threadr-thimble
Foodland Balaklava,2025-05-04 23:58:12,Korbond Parasols Astd 24pk,N/A,N/A,$3.47,$0.14 Each,https://foodlandbalaklava.com.au//lines/korbond-parasols-astd-24pk
Foodland Balaklava,2025-05-04 23:58:12,Korbond Safety Pins Gilt 36pce,N/A,N/A,$3.78,N/A,https://foodlandbalaklava.com.au//lines/korbond-safety-pins-gilt-36pce
Foodland Balaklava,2025-05-04 23:58:12,Korbond Safety Pins Silver 50,N/A,N/A,$3.68,N/A,https://foodlandbalaklava.com.au//lines/korbond-safety-pins-silvr50pce
Foodland Balaklava,2025-05-04 23:58:12,Korbond Scissors Pack Of 3,N/A,N/A,$17.85,N/A,https://foodlandbalaklava.com.au//lines/korbond-scissors-3-pk
Foodland Balaklava,2025-05-04 23:58:12,Korbond Scissors Soft Touch 15,N/A,N/A,$6.83,N/A,https://foodlandbalaklava.com.au//lines/korbond-scissors-sft-tch-15cm
Foodland Balaklava,2025-05-04 23:58:12,Korbond Sewing Kit Travel,N/A,N/A,$5.78,N/A,https://foodlandbalaklava.com.au//lines/sewing-kit-travel-c-s
Foodland Balaklava,2025-05-04 23:58:12,Korbond Snapper Hand Toy,N/A,N/A,$2.31,N/A,https://foodlandbalaklava.com.au//lines/korbond-snapper-hand-2-pk-c-s
Foodland Balaklava,2025-05-04 23:58:12,Korbond Soft Toy Animal C/​S,N/A,N/A,$6.93,N/A,https://foodlandbalaklava.com.au//lines/korbond-soft-toy-animal-c-s
Foodland Balaklava,2025-05-04 23:58:12,Korbond Sparklers 16pk,N/A,was $3.68,$2.45,$0.15 Each,https://foodlandbalaklava.com.au//lines/korbond-sparklers-16pk
Foodland Balaklava,2025-05-04 23:58:12,Korbond Stainless Ss Steel Drinking Straw & Brush,N/A,N/A,$9.14,N/A,https://foodlandbalaklava.com.au//lines/s-stl-drink-straw-brsh-4pk-c-s
Foodland Balaklava,2025-05-04 23:58:12,Korbond Stainless Steel Meat Tenderiser,N/A,N/A,$18.17,N/A,https://foodlandbalaklava.com.au//lines/f-guru-s-s-meat-tenderiser
Foodland Balaklava,2025-05-04 23:58:12,Korbond Stitch Ripper,N/A,N/A,$3.15,N/A,https://foodlandbalaklava.com.au//lines/korbond-stitch-ripper
Foodland Balaklava,2025-05-04 23:58:12,Korbond Stretch String C/​S,N/A,N/A,$3.99,N/A,https://foodlandbalaklava.com.au//lines/korbond-stretch-string-c-s
Foodland Balaklava,2025-05-04 23:58:12,Korbond T/​Picks Dbl Pt 200pk,N/A,N/A,$1.47,$0.74 Units100,https://foodlandbalaklava.com.au//lines/korbond-t-picks-dbl-pt-200pk
Foodland Balaklava,2025-05-04 23:58:12,Korbond Tablecloth,N/A,N/A,$2.63,N/A,https://foodlandbalaklava.com.au//lines/korbond-tablecloth
Foodland Balaklava,2025-05-04 23:58:12,Korbond Tape Measure,N/A,N/A,$2.94,N/A,https://foodlandbalaklava.com.au//lines/korbond-tape-measure
Foodland Balaklava,2025-05-04 23:58:12,Korbond Thread Ast Cols,12 x 32m,N/A,$3.99,N/A,https://foodlandbalaklava.com.au//lines/korbond-thread-12x32m-ast-cols
Foodland Balaklava,2025-05-04 23:58:12,Korbond Thread Poly Black 160,N/A,N/A,$2.50,N/A,https://foodlandbalaklava.com.au//lines/korbond-thread-poly-black-160m
Foodland Balaklava,2025-05-04 23:58:12,Korbond Thread Poly Navy,160m,N/A,$2.73,N/A,https://foodlandbalaklava.com.au//lines/korbond-thread-poly-navy-160m
Foodland Balaklava,2025-05-04 23:58:12,Korbond Thread Sew White 160,N/A,N/A,$2.50,N/A,https://foodlandbalaklava.com.au//lines/korbond-thread-poly-white-160m
Foodland Balaklava,2025-05-04 23:58:12,Korbond Water Bombs 200pk,N/A,N/A,$3.15,N/A,https://foodlandbalaklava.com.au//lines/korbond-water-bombs-200pk
Foodland Balaklava,2025-05-04 23:58:12,Korbond White Hat Elastic,5m,was $2.84,$1.90,N/A,https://foodlandbalaklava.com.au//lines/korbond-white-hat-elastic-5m
Foodland Balaklava,2025-05-04 23:58:12,Korbonds Kids Scrub Body,N/A,N/A,$3.36,N/A,https://foodlandbalaklava.com.au//lines/korbond-scrub-body-child-c-s
Foodland Balaklava,2025-05-04 23:58:12,Kr Castlemaine Rindless Short Cut Bacon,630g,was $15.55,$13.85,$21.98 per kg,https://foodlandbalaklava.com.au//lines/krc-bacon-sh-cut-r-less-630gm
Foodland Balaklava,2025-05-04 23:58:12,Kr So Tender Meaty Pork Riblet,N/A,N/A,$19.99,N/A,https://foodlandbalaklava.com.au//lines/kr-so-tender-meaty-pork-riblet
Foodland Balaklava,2025-05-04 23:58:12,Kraft Cheese Stick,240g,was $7.50,$6.20,$25.83 per kg,https://foodlandbalaklava.com.au//lines/kft-cheese-stick-240gm
Foodland Balaklava,2025-05-04 23:58:12,Kraft Singles Light 25 % Less Fat†,432g,was $9.00,$7.85,$18.17 per kg,https://foodlandbalaklava.com.au//lines/kft-chse-singles-lght-432gm-1
Foodland Balaklava,2025-05-04 23:58:12,Kraft® Cheddar Cheese,250g,was $5.25,$4.70,$18.80 per kg,https://foodlandbalaklava.com.au//lines/kft-cheddar-block-250gm
Foodland Balaklava,2025-05-04 23:58:12,Kraft® Easy Mac® Classic Cheese Pasta Bowl,73g,N/A,$2.50,$3.42 per 100g,https://foodlandbalaklava.com.au//lines/kft-easy-mac-bowl-73gm
Foodland Balaklava,2025-05-04 23:58:12,Krash S/​M,N/A,N/A,$9.99,N/A,https://foodlandbalaklava.com.au//lines/krash-s-m-1
Foodland Balaklava,2025-05-04 23:58:12,Krystal Klear +​2.​00 Black Frame Reading Glasses,N/A,N/A,$11.99,N/A,https://foodlandbalaklava.com.au//lines/reading-sunglasses-2-00-2
Foodland Balaklava,2025-05-04 23:58:12,Krystal Klear Black Reading Glasses,N/A,N/A,$11.99,N/A,https://foodlandbalaklava.com.au//lines/reading-sunglasses-2-50-6
Foodland Balaklava,2025-05-04 23:58:12,Krystal Klear Lens Cleaner,N/A,N/A,$7.50,N/A,https://foodlandbalaklava.com.au//lines/krystal-klear-lens-cleaner
Foodland Balaklava,2025-05-04 23:58:12,Kura Organic Konjac Fettuccine Noodles,80g,N/A,$5.00,$6.25 per 100g,https://foodlandbalaklava.com.au//lines/kura-konjac-noodles-organic-80gm
Foodland Balaklava,2025-05-04 23:58:12,Kura Organic Sushi Vinegar,250mL,N/A,$5.30,$2.12 per 100mL,https://foodlandbalaklava.com.au//lines/kura-org-sushi-vinegar-250ml
Foodland Balaklava,2025-05-04 23:58:12,Kura Organic Tamari Soy Sauce,250mL,N/A,$5.20,$2.08 per 100mL,https://foodlandbalaklava.com.au//lines/kura-tamari-soy-sauce-org-250ml
Foodland Balaklava,2025-05-04 23:58:12,Kura Panko Breadcrumbs,180g,N/A,$4.80,$2.67 per 100g,https://foodlandbalaklava.com.au//lines/cc-panko-breadcrumbs-180g-1
Foodland Balaklava,2025-05-04 23:58:12,Kytons Lamingtons Coffee 6 Pack,N/A,N/A,$8.50,N/A,https://foodlandbalaklava.com.au//lines/kytons-lamingtons-coffee-6-pack
Foodland Balaklava,2025-05-04 23:58:12,Kytons Lamingtons Raspberry 6 Pack,N/A,N/A,$8.50,N/A,https://foodlandbalaklava.com.au//lines/kytons-lamingtons-rpbry-6-pack
Foodland Balaklava,2025-05-04 23:58:12,Kytons Snack Hot X Buns,9 x 400g,N/A,$10.00,N/A,https://foodlandbalaklava.com.au//lines/kytons-snack-hot-x-buns-9pk-400g
Foodland Balaklava,2025-05-04 23:58:12,L'or Artiste Vigoroso Instant Coffee,95g,was $13.15,$12.00,$12.63 per 100g,https://foodlandbalaklava.com.au//lines/lor-coff-inst-art-vigoro-95g
Foodland Balaklava,2025-05-04 23:58:12,L'or Breakfast Collection 40pk,N/A,N/A,$22.00,$10.58 per 100g,https://foodlandbalaklava.com.au//lines/lor-espresso-cap-breakfst-40pk
Foodland Balaklava,2025-05-04 23:58:12,L'or Cappuccino Mixer,210g,N/A,$13.15,$6.26 per 100g,https://foodlandbalaklava.com.au//lines/lor-coff-inst-cappuccino-210g
Foodland Balaklava,2025-05-04 23:58:12,L'or Espresso Decaffeinato Ristretto Intensity 9 For Nespresso®​* Machines,N/A,N/A,$8.30,$15.96 per 100g,https://foodlandbalaklava.com.au//lines/lor-espresso-cap-rist-decf10pk
Foodland Balaklava,2025-05-04 23:58:13,L'or Espresso Lungo Estremo Intensity 10 For Nespresso®​* Machines,N/A,N/A,$8.30,$15.96 per 100g,https://foodlandbalaklava.com.au//lines/lor-espresso-cap-estremo-10pk
Foodland Balaklava,2025-05-04 23:58:13,L'or Espresso Lungo Profondo Intensity 8 For Nespresso®​* Machines,104g,was $13.65,$10.30,$9.90 per 100g,https://foodlandbalaklava.com.au//lines/lor-espresso-cap-profundo-20pk
Foodland Balaklava,2025-05-04 23:58:13,L'or Espresso Ristretto Intensity 11 For Nespresso®​* Machines,40 x 5.2g,N/A,$22.00,$10.58 per 100g,https://foodlandbalaklava.com.au//lines/lor-espresso-cap-ristretto40pk
Foodland Balaklava,2025-05-04 23:58:13,L'or Espresso Supremo Intensity 10 For Nespresso®​* Machines,N/A,was $13.65,$10.30,$9.90 per 100g,https://foodlandbalaklava.com.au//lines/lor-espresso-cap-supremo-20pk-1
Foodland Balaklava,2025-05-04 23:58:13,L'or Espresso Supremo Intensity 10 For Nespresso®​* Machines,10 x 5.2g,N/A,$8.30,$15.96 per 100g,https://foodlandbalaklava.com.au//lines/lor-espresso-cap-supremo-10pk
Foodland Balaklava,2025-05-04 23:58:13,L'or Espresso Ultimo Intensity 13 For Nespresso®​* Machines,N/A,N/A,$8.30,$15.96 per 100g,https://foodlandbalaklava.com.au//lines/lor-espresso-cap-ultimo-10pk
Foodland Balaklava,2025-05-04 23:58:13,L'oré​al Paris Age Perfect Day Cream,50mL,was $42.00,$30.90,$61.80 per 100mL,https://foodlandbalaklava.com.au//lines/l-oreal-de-age-per-day-cr-50ml
Foodland Balaklava,2025-05-04 23:58:13,L'oré​al Paris Age Perfect Night Cream,50mL,was $42.00,$30.90,$61.80 per 100mL,https://foodlandbalaklava.com.au//lines/l-oreal-de-age-per-ngt-cr-50ml
Foodland Balaklava,2025-05-04 23:58:13,L'oré​al Paris Elnett Satin Normal Strength Hairspray,400mL,N/A,$15.75,$3.94 per 100mL,https://foodlandbalaklava.com.au//lines/elnett-h-spry-normal-str-400ml
Foodland Balaklava,2025-05-04 23:58:13,L'oré​al Paris Elnett Satin Normal Strength Normal & Long Hold Hairspray,75mL,N/A,$7.90,$10.53 per 100mL,https://foodlandbalaklava.com.au//lines/elnett-h-spry-normal-str-75ml
Foodland Balaklava,2025-05-04 23:58:13,L'oré​al Paris Elvive Colour Protect Conditioner,300mL,N/A,$8.95,$2.98 per 100mL,https://foodlandbalaklava.com.au//lines/elvive-cond-col-protect-300ml
Foodland Balaklava,2025-05-04 23:58:13,L'oré​al Paris Elvive Colour Protect Shampoo,300mL,N/A,$8.95,$2.98 per 100mL,https://foodlandbalaklava.com.au//lines/elvive-s-poo-col-protect-300ml
Foodland Balaklava,2025-05-04 23:58:13,L'oré​al Paris Elvive Dream Lengths Detangling Conditioner,300mL,N/A,$8.95,$2.98 per 100mL,https://foodlandbalaklava.com.au//lines/elvive-cond-drm-length-300ml
Foodland Balaklava,2025-05-04 23:58:13,L'oré​al Paris Elvive Dream Lengths Restoring Shampoo,300mL,N/A,$8.95,$2.98 per 100mL,https://foodlandbalaklava.com.au//lines/elvive-s-poo-drm-length-300ml
Foodland Balaklava,2025-05-04 23:58:13,L'oré​al Paris Elvive Extraordinary Oils Shampoo,300mL,N/A,$8.95,$2.98 per 100mL,https://foodlandbalaklava.com.au//lines/elvive-s-poo-extrdnry-oil300ml
Foodland Balaklava,2025-05-04 23:58:13,L'oré​al Paris Elvive Hyaluron Plump 72h Moisture Wrapping Mask (​For Dehydrated Hair),300mL,N/A,$15.00,$5.00 per 100mL,https://foodlandbalaklava.com.au//lines/elvive-mask-hyalur-plump-300ml
Foodland Balaklava,2025-05-04 23:58:13,L'oré​al Paris Excellence Crè​me Permanent Hair Colour - 4 Dark Brown,N/A,was $28.35,$20.00,N/A,https://foodlandbalaklava.com.au//lines/lor-exclnce-drk-brwn-4
Foodland Balaklava,2025-05-04 23:58:13,L'oré​al Paris Excellence Crè​me Permanent Hair Colour - 5.​5 Mahogany Brown,N/A,was $28.35,$20.00,N/A,https://foodlandbalaklava.com.au//lines/lor-exclnce-mahog-brwn-5-5
Foodland Balaklava,2025-05-04 23:58:13,L'oré​al Paris Excellence Crè​me Permanent Hair Colour - 6.​1 Light Ash Brown,N/A,was $28.35,$20.00,N/A,https://foodlandbalaklava.com.au//lines/lor-exclnce-lt-ash-brwn-6-1
Foodland Balaklava,2025-05-04 23:58:13,L'oré​al Paris Excellence Crè​me Permanent Hair Colour - 7 Dark Blonde,N/A,was $28.35,$20.00,N/A,https://foodlandbalaklava.com.au//lines/lor-exclnce-drk-blonde-7
Foodland Balaklava,2025-05-04 23:58:13,L'oré​al Paris Excellence Crè​me Permanent Hair Colour - 9.​1 Light Ash Blonde,N/A,was $28.35,$20.00,N/A,https://foodlandbalaklava.com.au//lines/lor-exclnce-lgt-ash-blnd-9-1
Foodland Balaklava,2025-05-04 23:58:13,L'oré​al Paris L'oreal Paris Men Expert Magnesium Defence Shower Gel,300mL,N/A,$6.30,$2.10 per 100mL,https://foodlandbalaklava.com.au//lines/lor-men-s-gel-mag-def-300ml
Foodland Balaklava,2025-05-04 23:58:13,L'oré​al Paris Magic Retouch Temporary Root Concealer Spray - Beige (​Instant Grey Hair Coverage),75mL,N/A,$18.90,$25.20 per 100mL,https://foodlandbalaklava.com.au//lines/lor-magic-retouch-beige-4
Foodland Balaklava,2025-05-04 23:58:13,L'oré​al Paris Magic Retouch Temporary Root Concealer Spray - Black (​Instant Grey Hair Coverage),75mL,N/A,$18.90,$25.20 per 100mL,https://foodlandbalaklava.com.au//lines/lor-magic-retouch-black-1
Foodland Balaklava,2025-05-04 23:58:13,L'oré​al Paris Magic Retouch Temporary Root Concealer Spray - Brown (​Instant Grey Hair Coverage),75mL,N/A,$18.90,$25.20 per 100mL,https://foodlandbalaklava.com.au//lines/lor-magic-retouch-chatain-3
Foodland Balaklava,2025-05-04 23:58:13,L'oré​al Paris Magic Retouch Temporary Root Concealer Spray - Dark Brown (​Instant Grey Hair Coverage),75mL,N/A,$18.90,$25.20 per 100mL,https://foodlandbalaklava.com.au//lines/lor-magic-retouch-brown-2
Foodland Balaklava,2025-05-04 23:58:13,L'oré​al Paris Men Expert Hydra Energetic Extreme Sport Shower Gel,400mL,N/A,$10.50,$2.62 per 100mL,https://foodlandbalaklava.com.au//lines/lor-men-s-gel-extrm-sprt-400ml
Foodland Balaklava,2025-05-04 23:58:13,L'oré​al Paris Men Expert Hydra Energetic Taurine Shower Gel,400mL,N/A,$10.50,$2.62 per 100mL,https://foodlandbalaklava.com.au//lines/lor-men-s-gel-hyd-energ-400ml
Foodland Balaklava,2025-05-04 23:58:13,L'oré​al Paris Men Expert Pure Carbon Shower Gel,400mL,N/A,$10.50,$2.62 per 100mL,https://foodlandbalaklava.com.au//lines/lor-men-s-gel-pure-carbon400ml
Foodland Balaklava,2025-05-04 23:58:13,L'oré​al Paris Pré​fé​rence Permanent Hair Colour - 10.​21 Very Very Light Pearl Blonde,N/A,N/A,$29.40,N/A,https://foodlandbalaklava.com.au//lines/lor-pref-stockholm-10-21
Foodland Balaklava,2025-05-04 23:58:13,L'oré​al Paris Revitalift Day Cream,50mL,was $42.00,$30.90,$61.80 per 100mL,https://foodlandbalaklava.com.au//lines/l-oreal-de-revit-day-cr-50ml
Foodland Balaklava,2025-05-04 23:58:13,L'oré​al Paris Revitalift Filler [​+Hyaluronic Acid] Replumping Night Moisturiser,50mL,N/A,$57.75,$115.50 per 100mL,https://foodlandbalaklava.com.au//lines/lor-r-lift-filler-night-50ml
Foodland Balaklava,2025-05-04 23:58:13,L'oré​al Paris Revitalift Night Cream,50mL,was $42.00,$30.90,$61.80 per 100mL,https://foodlandbalaklava.com.au//lines/l-oreal-de-revit-night-cr-50ml
Foodland Balaklava,2025-05-04 23:58:13,L'oré​al Paris Wrinkle Expert Re-Densifying Anti-Wrinkle Cream 55+ Night,50mL,N/A,$18.00,$32.73 per 100mL,https://foodlandbalaklava.com.au//lines/lor-wrnkl-exprt55-night-50ml
Foodland Balaklava,2025-05-04 23:58:13,L'oré​al Paris Wrinkle Expert Re-Densifying Anti-Wrinkle Day Cream 55+,50mL,N/A,$18.00,$36.00 per 100mL,https://foodlandbalaklava.com.au//lines/lor-wrnkl-exprt-55-day-50ml
Foodland Balaklava,2025-05-04 23:58:13,L/​Bellies Bisc Animal Org130gm,N/A,was $5.80,$3.50,$2.69 per 100g,https://foodlandbalaklava.com.au//lines/l-bellies-bisc-animal-org130gm
Foodland Balaklava,2025-05-04 23:58:13,L/​Farm Peas Bby& S/​Corn,500g,N/A,$4.60,$9.20 per kg,https://foodlandbalaklava.com.au//lines/l-farm-peas-bby-s-corn-500gm
Foodland Balaklava,2025-05-04 23:58:13,L7448w Rio Ladies Stretchable Low Cut 3pk,N/A,was $13.13,$11.25,N/A,https://foodlandbalaklava.com.au//lines/rio-sck-ldy-strtc-l-cut-3-8-3p
Foodland Balaklava,2025-05-04 23:58:13,La Bella Basil & Tomato Sauce,520g,N/A,$4.95,$0.99 per 100g,https://foodlandbalaklava.com.au//lines/la-bella-p-sce-tom-basil-520gm
Foodland Balaklava,2025-05-04 23:58:13,La Bella P/​Sce Passata,500g,N/A,$4.95,$0.99 per 100g,https://foodlandbalaklava.com.au//lines/le-bella-p-sce-passata-520gm
Foodland Balaklava,2025-05-04 23:58:13,La Bella Spicy Tomato Sauce,520g,N/A,$4.95,$0.99 per 100g,https://foodlandbalaklava.com.au//lines/la-bella-p-sce-spicy-tom-520gm
Foodland Balaklava,2025-05-04 23:58:13,La Bella Traditional Pasta Sauce,520g,N/A,$4.95,$0.95 per 100g,https://foodlandbalaklava.com.au//lines/la-bella-p-sce-traditinal520gm
Foodland Balaklava,2025-05-04 23:58:13,La Famiglia Stone Baked Garlic Bread Ciabatta 9 Serves,330g,was $8.40,$7.00,$2.12 per 100g,https://foodlandbalaklava.com.au//lines/la-famiglia-sb-ciabat-gar330gm
Foodland Balaklava,2025-05-04 23:58:13,La Famiglia Traditional Garlic Slices Entertainer 16 Serves,450g,N/A,$8.40,$1.87 per 100g,https://foodlandbalaklava.com.au//lines/la-famiglia-ent-gar-stks-450g
Foodland Balaklava,2025-05-04 23:58:13,La Ice Cola,2L,N/A,$2.70,$1.35 per L,https://foodlandbalaklava.com.au//lines/la-ice-cola-no-sugar-2l
Foodland Balaklava,2025-05-04 23:58:13,La Morena Refried Black Beans,440g,N/A,$5.60,$1.27 per 100g,https://foodlandbalaklava.com.au//lines/la-morena-refried-black-beans-440gm
Foodland Balaklava,2025-05-04 23:58:13,La Tosca B/​Pumpkin Gnocchi,500g,N/A,$7.00,$1.40 per 100g,https://foodlandbalaklava.com.au//lines/la-tosca-b-pumpkin-gnocchi-500g
Foodland Balaklava,2025-05-04 23:58:13,La Tosca Beef Ravioli,500g,N/A,$7.00,$1.40 per 100g,https://foodlandbalaklava.com.au//lines/la-tosca-spin-ricotta-tortellini-500g-1
Foodland Balaklava,2025-05-04 23:58:14,La Tosca Beef Tortellini,500g,N/A,$7.00,$1.40 per 100g,https://foodlandbalaklava.com.au//lines/la-tosca-beef-tortellini-500g
Foodland Balaklava,2025-05-04 23:58:14,La Tosca Chicken Tortellini,500g,N/A,$7.00,$1.40 per 100g,https://foodlandbalaklava.com.au//lines/la-tosca-chicken-tortellini-500g
Foodland Balaklava,2025-05-04 23:58:14,La Tosca Fresh Fettuccine,375g,N/A,$6.00,$1.60 per 100g,https://foodlandbalaklava.com.au//lines/la-tosca-fettuccini-375g
Foodland Balaklava,2025-05-04 23:58:14,La Tosca Potato Gnocchi,500g,N/A,$7.00,$1.40 per 100g,https://foodlandbalaklava.com.au//lines/la-tosca-potato-gnocchi-500g
Foodland Balaklava,2025-05-04 23:58:14,La Zuppa Chicken & Rice Soup,400g,was $4.95,$3.75,$0.94 per 100g,https://foodlandbalaklava.com.au//lines/la-zuppa-sp-pch-chkn-rce-400g
Foodland Balaklava,2025-05-04 23:58:14,La Zuppa Chicken Soup,400g,was $4.95,$3.75,$0.94 per 100g,https://foodlandbalaklava.com.au//lines/la-zuppa-sp-pch-chkn-veg-400g
Foodland Balaklava,2025-05-04 23:58:14,La Zuppa Pumpkin Soup,400g,was $4.95,$3.75,$0.94 per 100g,https://foodlandbalaklava.com.au//lines/la-zuppa-sp-pch-pumpkin-400g
Foodland Balaklava,2025-05-04 23:58:14,Ladies Knitted Beanie S/​C,N/A,was $10.00,$9.00,N/A,https://foodlandbalaklava.com.au//lines/ladies-knitted-beanie-s-c
Foodland Balaklava,2025-05-04 23:58:14,Ladies Thermal Ins/​Socks S/​C,N/A,was $10.00,$9.00,N/A,https://foodlandbalaklava.com.au//lines/ladies-thermal-ins-socks-s-c
Foodland Balaklava,2025-05-04 23:58:14,Ladies Thermal Tights,N/A,was $18.00,$17.00,N/A,https://foodlandbalaklava.com.au//lines/ladies-thermal-tights
Foodland Balaklava,2025-05-04 23:58:14,Ladies W/​Sherpa A/​S Socks S/​C,N/A,was $10.00,$9.00,N/A,https://foodlandbalaklava.com.au//lines/ladies-w-sherpa-a-s-socks-s-c
Foodland Balaklava,2025-05-04 23:58:14,Lago Savoiardi Lady Fingers,400g,was $6.80,$6.40,$1.60 per 100g,https://foodlandbalaklava.com.au//lines/lago-savoiardi-lady-fingers-400g
Foodland Balaklava,2025-05-04 23:58:14,Lamb Puff 10pk,N/A,N/A,$12.30,$1.23 Each,https://foodlandbalaklava.com.au//lines/lamb-puff-10pk
Foodland Balaklava,2025-05-04 23:58:14,Lambertz Choc Pfeffernusse,200g,N/A,$3.50,$1.75 per 100g,https://foodlandbalaklava.com.au//lines/lambertz-pfeffernusse-200g-1
Foodland Balaklava,2025-05-04 23:58:14,Lanes BBQ Brisket Rub,130g,N/A,$13.50,N/A,https://foodlandbalaklava.com.au//lines/lanes-bbq-brisket-rub-130g
Foodland Balaklava,2025-05-04 23:58:14,Lanes BBQ Magic Dust Rub,130g,N/A,$13.50,N/A,https://foodlandbalaklava.com.au//lines/lanes-bbq-magic-dust-rub-130g
Foodland Balaklava,2025-05-04 23:58:14,Lanes BBQ Signature Rub,130g,N/A,$13.50,N/A,https://foodlandbalaklava.com.au//lines/lanes-bbq-signature-rub-130g
Foodland Balaklava,2025-05-04 23:58:14,Lanes BBQ Smoked Paprika,198g,N/A,$15.99,N/A,https://foodlandbalaklava.com.au//lines/lanes-bbq-smoked-paprika-198g
Foodland Balaklava,2025-05-04 23:58:14,Lanes BBQ Sunday Roast Rub,130g,N/A,$13.50,N/A,https://foodlandbalaklava.com.au//lines/lanes-bbq-sunday-roast-rub-130g
Foodland Balaklava,2025-05-04 23:58:14,Large Fruit Platter,N/A,N/A,$60.00,N/A,https://foodlandbalaklava.com.au//lines/large-fruit-platter
Foodland Balaklava,2025-05-04 23:58:14,Latina Fresh Beef Bolognese Pasta Sauce,425g,was $7.90,$5.50,$1.29 per 100g,https://foodlandbalaklava.com.au//lines/latina-sce-meat-bolognese425gm
Foodland Balaklava,2025-05-04 23:58:14,Latina Fresh Beef Ravioli Pasta,625g,N/A,$11.55,$1.85 per 100g,https://foodlandbalaklava.com.au//lines/latina-f-psta-ravioli-mt-625gm
Foodland Balaklava,2025-05-04 23:58:14,Latina Fresh Creamy Carbonara Pasta Sauce,425g,was $7.90,$5.50,$1.29 per 100g,https://foodlandbalaklava.com.au//lines/latina-sce-carbonara-425gm
Foodland Balaklava,2025-05-04 23:58:14,Latina Fresh Egg Fettuccine Pasta,375g,N/A,$6.30,$1.68 per 100g,https://foodlandbalaklava.com.au//lines/latina-f-psta-fettcne-egg375gm
Foodland Balaklava,2025-05-04 23:58:14,Latina Fresh Gluten Free Beef Ravioli Pasta,280g,N/A,$9.20,$3.29 per 100g,https://foodlandbalaklava.com.au//lines/latina-rav-beef-g-free-280gm
Foodland Balaklava,2025-05-04 23:58:14,Latina Fresh Gluten Free Lasagne Sheets,280g,N/A,$9.20,$3.29 per 100g,https://foodlandbalaklava.com.au//lines/latina-lasag-sheet-g-fr-280gm
Foodland Balaklava,2025-05-04 23:58:14,Latina Fresh Lasagne Sheets,375g,N/A,$6.30,$1.68 per 100g,https://foodlandbalaklava.com.au//lines/latina-f-psta-lasag-sheet375gm
Foodland Balaklava,2025-05-04 23:58:14,Latina Fresh Veal Tortellini,375g,was $8.40,$5.50,$1.47 per 100g,https://foodlandbalaklava.com.au//lines/latina-f-psta-t-lini-veal375gm
Foodland Balaklava,2025-05-04 23:58:14,Latina Fresh Veal Tortellini Pasta,625g,N/A,$11.55,$1.85 per 100g,https://foodlandbalaklava.com.au//lines/latina-f-psta-tort-veal-625gm
Foodland Balaklava,2025-05-04 23:58:14,Laucke Barossa Sour Dough Rye Bread Mix,2.4kg,N/A,$11.45,$4.77 per kg,https://foodlandbalaklava.com.au//lines/laucke-brd-mx-s-dough-ry-2-4kg
Foodland Balaklava,2025-05-04 23:58:14,Laucke Brd Mx Crusty Wht #​5kg,N/A,N/A,$21.00,$4.20 per kg,https://foodlandbalaklava.com.au//lines/laucke-brd-mx-crusty-wht-5kg
Foodland Balaklava,2025-05-04 23:58:14,Laucke Brd Mx Crusty Whte,10kg,was $31.30,$26.80,$2.68 per kg,https://foodlandbalaklava.com.au//lines/laucke-brd-mx-crusty-whte-10kg
Foodland Balaklava,2025-05-04 23:58:14,Laucke Bread Mix Multigrain,5kg,N/A,$17.85,$3.57 per kg,https://foodlandbalaklava.com.au//lines/laucke-brd-mx-multigrain-5kg
Foodland Balaklava,2025-05-04 23:58:14,Laucke Bread Mix Super Soft White,10kg,was $31.30,$26.80,$2.68 per kg,https://foodlandbalaklava.com.au//lines/laucke-brd-mx-spr-sft-wht-10kg
Foodland Balaklava,2025-05-04 23:58:14,Laucke Ciabatta Mx #​1kg,N/A,N/A,$7.15,$7.15 per kg,https://foodlandbalaklava.com.au//lines/laucke-ciabatta-mx-1kg
Foodland Balaklava,2025-05-04 23:58:14,Laucke Easy Bakers Gluten Free Bread Flour Meals Grains,1kg,N/A,$7.95,$7.95 per kg,https://foodlandbalaklava.com.au//lines/easy-bakers-glu-fr-meal-gr-1kg
Foodland Balaklava,2025-05-04 23:58:14,Laucke Pizza & Focaccia Mix,1kg,N/A,$7.15,$7.15 per kg,https://foodlandbalaklava.com.au//lines/laucke-pizza-focaccia-mx-1kg
Foodland Balaklava,2025-05-04 23:58:14,Laucke Rye Sour Dough Bread Mix,5kg,N/A,$17.85,$3.57 per kg,https://foodlandbalaklava.com.au//lines/laucke-brd-mx-s-dough-ry-5kg
Foodland Balaklava,2025-05-04 23:58:14,Laucke Super Soft Bread Mix,2.4kg,N/A,$11.45,$4.77 per kg,https://foodlandbalaklava.com.au//lines/laucke-brd-mx-super-sft-2-4kg
Foodland Balaklava,2025-05-04 23:58:14,Laucke Wallaby Bkrs Yeast,50g,N/A,$3.05,$6.10 per 100g,https://foodlandbalaklava.com.au//lines/laucke-wallaby-bkrs-yeast-50g
Foodland Balaklava,2025-05-04 23:58:14,Laucke Wallaby Brd Imprvr#​125g,N/A,was $5.45,$4.65,$37.20 per kg,https://foodlandbalaklava.com.au//lines/laucke-wallaby-brd-imprvr-125g
Foodland Balaklava,2025-05-04 23:58:14,Laucke Wallaby Self Raising Flour,1kg,N/A,$4.20,$4.20 per kg,https://foodlandbalaklava.com.au//lines/laucke-wallaby-flour-sr-1kg
Foodland Balaklava,2025-05-04 23:58:14,Lauke Multi Grain Bread Mix,2.4kg,N/A,$11.45,$4.77 per kg,https://foodlandbalaklava.com.au//lines/laucke-brd-mx-multigrain-2-4kg
Foodland Balaklava,2025-05-04 23:58:14,Lauke Rye Bread Mix,500g,was $3.80,$3.10,$6.20 per kg,https://foodlandbalaklava.com.au//lines/laucke-brd-mx-rye-500g
Foodland Balaklava,2025-05-04 23:58:14,Lauke Wallaby Plain Flour,1kg,N/A,$4.20,$4.20 per kg,https://foodlandbalaklava.com.au//lines/laucke-wallaby-flour-plain-1kg
Foodland Balaklava,2025-05-04 23:58:14,Lav Coff Caps Ncc Ristreto 10s,N/A,was $8.95,$6.50,$11.40 per 100g,https://foodlandbalaklava.com.au//lines/lav-coff-caps-esprso-rist-10s
Foodland Balaklava,2025-05-04 23:58:14,Lav Coff Grd Bar Intenso,250g,was $16.30,$14.20,$5.68 per 100g,https://foodlandbalaklava.com.au//lines/lav-coff-grd-barista-int-250g
Foodland Balaklava,2025-05-04 23:58:14,Lav Coff Grd Bar Organic,250g,was $16.80,$14.70,$5.88 per 100g,https://foodlandbalaklava.com.au//lines/lav-coff-grd-barista-org-250g
Foodland Balaklava,2025-05-04 23:58:15,Lavazza Coffee Beans Espresso Intenso,1kg,was $52.50,$37.00,$3.70 per 100g,https://foodlandbalaklava.com.au//lines/lav-coff-bns-espr-intenso-1kg
Foodland Balaklava,2025-05-04 23:58:15,Lavazza Espresso Capsules,N/A,was $8.95,$6.50,$11.40 per 100g,https://foodlandbalaklava.com.au//lines/lav-coff-caps-esprso-class-10s
Foodland Balaklava,2025-05-04 23:58:15,Lavazza Espresso Delizioso Capsules 16pk,N/A,N/A,$13.50,$0.84 Each,https://foodlandbalaklava.com.au//lines/lav-coffe-caps-amm-delizio-16s
Foodland Balaklava,2025-05-04 23:58:15,Lavazza Gold Ground Coffee,4 x 250g,was $50.40,$36.00,$3.60 per 100g,https://foodlandbalaklava.com.au//lines/lav-coff-grd-qual-oro-4-x-250g
Foodland Balaklava,2025-05-04 23:58:15,Lavazza Ground Coffee Decaffeinato,250g,was $14.20,$11.00,$4.40 per 100g,https://foodlandbalaklava.com.au//lines/lav-coff-grd-decaf-250gm
Foodland Balaklava,2025-05-04 23:58:15,Lavazza Ground Coffee Italiano Classico,250g,was $13.65,$11.00,$4.40 per 100g,https://foodlandbalaklava.com.au//lines/lav-coff-grd-italian-clsc250gm
Foodland Balaklava,2025-05-04 23:58:15,Lavazza Ground Coffee Qualita Oro,2 x 250g,was $26.25,$20.00,$4.00 per 100g,https://foodlandbalaklava.com.au//lines/lav-coff-grd-qual-oro-2-x-250g
Foodland Balaklava,2025-05-04 23:58:15,Lavazza Ground Coffee Qualita Oro,250g,was $13.65,$11.00,$4.40 per 100g,https://foodlandbalaklava.com.au//lines/lav-coff-grd-qualita-oro-250gm
Foodland Balaklava,2025-05-04 23:58:15,Lavazza Intenso Aluminium Coffee Capsules,N/A,was $8.95,$6.50,$11.40 per 100g,https://foodlandbalaklava.com.au//lines/lav-coff-caps-esprso-intens10s
Foodland Balaklava,2025-05-04 23:58:15,Lavazza Prontisimo Classico Instant Coffee,95g,was $13.65,$10.00,$10.53 per 100g,https://foodlandbalaklava.com.au//lines/lavazza-prontisimo-intnso-95gm
Foodland Balaklava,2025-05-04 23:58:15,Lavazza Whole Coffee Beans Qualita Oro,1kg,was $50.40,$36.00,$3.60 per 100g,https://foodlandbalaklava.com.au//lines/lav-coff-bns-qualita-oro-1kg
Foodland Balaklava,2025-05-04 23:58:15,Lawn Beetle Granules,750g,N/A,$11.90,N/A,https://foodlandbalaklava.com.au//lines/lawn-beetle-granules-750gm
Foodland Balaklava,2025-05-04 23:58:15,Laxettes Chocolate 24's,N/A,N/A,$5.55,$23.12 Units100,https://foodlandbalaklava.com.au//lines/laxettes-chocolate-24s
Foodland Balaklava,2025-05-04 23:58:15,Lays Stax Potato Chips Original,42g,was $2.10,$1.50,$3.57 per 100g,https://foodlandbalaklava.com.au//lines/lays-stax-original-42g
Foodland Balaklava,2025-05-04 23:58:15,Lays Stax Potato Chips Sour Cream And Onion,42g,was $2.10,$1.50,$3.57 per 100g,https://foodlandbalaklava.com.au//lines/lays-stax-sr-crm-on-42g
Foodland Balaklava,2025-05-04 23:58:15,Lb Cacciatore Hot,230g,was $12.60,$12.35,$5.37 per 100g,https://foodlandbalaklava.com.au//lines/lb-cacciatore-hot-230gm
Foodland Balaklava,2025-05-04 23:58:15,Lb Cacciatore Mild,230g,was $12.60,$12.35,$5.37 per 100g,https://foodlandbalaklava.com.au//lines/lb-cacciatore-mild-230gm
Foodland Balaklava,2025-05-04 23:58:15,Lb Cacciatore Truffle,230g,was $12.60,$12.35,$5.37 per 100g,https://foodlandbalaklava.com.au//lines/lb-cacciatore-truffle-230gm
Foodland Balaklava,2025-05-04 23:58:15,Lbg Fifty Shades Laundry Crystals,500g,N/A,$14.50,N/A,https://foodlandbalaklava.com.au//lines/lbg-fifty-shades-laundry-crystals-500g
Foodland Balaklava,2025-05-04 23:58:15,Ldale Chk F/​R Brst Fil Lrg Rw,N/A,N/A,$18.99,N/A,https://foodlandbalaklava.com.au//lines/ldale-chk-f-r-brst-fil-lrg-rw
Foodland Balaklava,2025-05-04 23:58:15,Ldale Chk F/​R Thigh Fil Lrg Rw,N/A,N/A,$21.50,N/A,https://foodlandbalaklava.com.au//lines/lilydale-chk-f-r-thigh-fil-lrg-rw
Foodland Balaklava,2025-05-04 23:58:15,Lea & Perrins® Worcestershire Sauce,290mL,was $5.25,$4.75,$1.64 per 100mL,https://foodlandbalaklava.com.au//lines/lea-perrins-sce-worcest-290ml
Foodland Balaklava,2025-05-04 23:58:15,Lean Cuisine Beef Stroganoff With Pasta,280g,N/A,$6.30,$2.25 per 100g,https://foodlandbalaklava.com.au//lines/lean-cuis-bf-strog-psta-280gm
Foodland Balaklava,2025-05-04 23:58:15,Lean Cuisine Chicken Carbonara,280g,N/A,$6.30,$2.25 per 100g,https://foodlandbalaklava.com.au//lines/lean-cuis-chkn-carbonara-280g
Foodland Balaklava,2025-05-04 23:58:15,Lean Cuisine Indian Butter Chicken With Rice,375g,was $7.35,$4.20,$1.12 per 100g,https://foodlandbalaklava.com.au//lines/lean-cuis-btr-chkn-rce-375gm
Foodland Balaklava,2025-05-04 23:58:15,Lean Cuisine Lamb & Rosemary Hotpot,280g,N/A,$6.30,$2.25 per 100g,https://foodlandbalaklava.com.au//lines/lean-cuis-h-pt-lmb-r-mry-280gm
Foodland Balaklava,2025-05-04 23:58:15,Lean Cuisine Satay Chicken Noodles,280g,N/A,$6.30,$2.25 per 100g,https://foodlandbalaklava.com.au//lines/lean-cuis-chkn-ndl-satay-280gm
Foodland Balaklava,2025-05-04 23:58:15,Lean Cuisine Sundried Tomato & Chicken Pasta,375g,was $7.35,$4.20,$1.12 per 100g,https://foodlandbalaklava.com.au//lines/lean-cuis-chkn-sd-tom-pst375gm
Foodland Balaklava,2025-05-04 23:58:15,Lean Cuisine Thai Red Chicken Curry With Rice,375g,was $7.35,$4.20,$1.12 per 100g,https://foodlandbalaklava.com.au//lines/lean-cuis-chkn-t-red-cury375gm
Foodland Balaklava,2025-05-04 23:58:15,Lean Cuisine Tuna Mornay,280g,N/A,$6.30,$2.25 per 100g,https://foodlandbalaklava.com.au//lines/lean-cuis-tuna-mornay-280g
Foodland Balaklava,2025-05-04 23:58:15,Lectric Washing Soda,1kg,N/A,$5.00,$5.00 per kg,https://foodlandbalaklava.com.au//lines/letric-washing-soda-1kg
Foodland Balaklava,2025-05-04 23:58:15,Leda Bakery Anzac Cookies,250g,N/A,$4.79,$1.92 per 100g,https://foodlandbalaklava.com.au//lines/leda-anzac-biscuits-250g
Foodland Balaklava,2025-05-04 23:58:15,Leda Ch/​Chip Cookies,155g,N/A,$3.59,$2.32 per 100g,https://foodlandbalaklava.com.au//lines/leda-ch-chip-cookies-155gm
Foodland Balaklava,2025-05-04 23:58:15,Leda Choc Chip Cookies,250g,N/A,$4.79,$1.92 per 100g,https://foodlandbalaklava.com.au//lines/leda-choc-chip-cookies-250g
Foodland Balaklava,2025-05-04 23:58:15,Leda Choculence,180g,N/A,$5.29,$2.94 per 100g,https://foodlandbalaklava.com.au//lines/leda-choculence-180g
Foodland Balaklava,2025-05-04 23:58:15,Lee Kum Kee Char Siu Sauce,240g,was $5.80,$4.40,$1.83 per 100g,https://foodlandbalaklava.com.au//lines/lkk-sce-char-siu-240gm-1
Foodland Balaklava,2025-05-04 23:58:15,Lee Kum Kee Chilli Garlic Sauce,226g,was $4.50,$4.15,$1.84 per 100g,https://foodlandbalaklava.com.au//lines/lkk-sce-garlic-chili-226gm-1
Foodland Balaklava,2025-05-04 23:58:15,Lee Kum Kee Classic Cantonese Stir Fry Ready Sauce Lemon Chicken,145g,N/A,$2.85,$1.97 per 100g,https://foodlandbalaklava.com.au//lines/lkk-ready-sce-lemon-chkn-145gm-1
Foodland Balaklava,2025-05-04 23:58:15,Lee Kum Kee Gluten Free Soy Sauce,250mL,N/A,$4.50,$1.80 per 100mL,https://foodlandbalaklava.com.au//lines/lkk-sce-soy-gluten-free-250ml-1
Foodland Balaklava,2025-05-04 23:58:15,Lee Kum Kee Panda Brand Oyster Sauce,510g,N/A,$5.60,$1.10 per 100g,https://foodlandbalaklava.com.au//lines/panda-sce-oyster-510gm-1
Foodland Balaklava,2025-05-04 23:58:15,Lee Kum Kee Panda Brand Sauce Oyster,255g,N/A,$3.85,$1.51 per 100g,https://foodlandbalaklava.com.au//lines/lkk-sce-oyster-255gm-1
Foodland Balaklava,2025-05-04 23:58:15,Lee Kum Kee Ready Sauce Cantonese Chicken,120g,N/A,$2.85,$2.38 per 100g,https://foodlandbalaklava.com.au//lines/lkk-ready-sce-cant-chkn-120gm-1
Foodland Balaklava,2025-05-04 23:58:15,Lee Kum Kee Ready Sauce Coconut Curry Vegetables,110g,N/A,$2.85,$2.59 per 100g,https://foodlandbalaklava.com.au//lines/lkk-ready-sce-c-c-cu-veg-110gm-1
Foodland Balaklava,2025-05-04 23:58:15,Lee Kum Kee Ready Sauce Honey & Soy Chicken,120g,N/A,$2.85,$2.38 per 100g,https://foodlandbalaklava.com.au//lines/lkk-ready-sce-h-soy-chkn-120gm-1
Foodland Balaklava,2025-05-04 23:58:15,Lee Kum Kee Ready Sauce Mongolian Lamb,120g,N/A,$2.85,$2.38 per 100g,https://foodlandbalaklava.com.au//lines/lkk-ready-sce-mongol-lmb-120gm-1
Foodland Balaklava,2025-05-04 23:58:15,Lee Kum Kee Ready Sauce Teriyaki Beef,100g,N/A,$2.85,$2.85 per 100g,https://foodlandbalaklava.com.au//lines/lkk-ready-sce-tyaki-beef-100gm-1
Foodland Balaklava,2025-05-04 23:58:15,Lee Kum Kee Soy Sauce Premium,500mL,N/A,$4.30,$0.86 per 100mL,https://foodlandbalaklava.com.au//lines/lkk-sce-soy-premium-500ml-1
Foodland Balaklava,2025-05-04 23:58:15,Lee Kum Kee Sweet & Sour Sauce,240g,was $4.55,$3.70,$1.54 per 100g,https://foodlandbalaklava.com.au//lines/lkk-sce-swt-sour-240gm-1
Foodland Balaklava,2025-05-04 23:58:16,Leeks Per Bunch,N/A,N/A,$10.50,N/A,https://foodlandbalaklava.com.au//lines/leeks-per-bunch-2
Foodland Balaklava,2025-05-04 23:58:16,Leggo's Bolognese With Mushrooms Pasta Sauce,500g,N/A,$4.85,$0.97 per 100g,https://foodlandbalaklava.com.au//lines/leggos-psta-sce-blgn-mshr500gm
Foodland Balaklava,2025-05-04 23:58:16,Leggo's Leggos Tomato Paste,2 x 140g,N/A,$3.70,$1.32 per 100g,https://foodlandbalaklava.com.au//lines/leggos-tom-pste-tub-2x140gm
Foodland Balaklava,2025-05-04 23:58:16,Leggo's Passata Sauce Italian Herb,700g,was $4.50,$3.80,$0.54 per 100g,https://foodlandbalaklava.com.au//lines/leggos-passata-ital-herbs700gm
Foodland Balaklava,2025-05-04 23:58:16,Leggo's Pasta Bake Creamy Sundried Tomato & Garlic,500g,N/A,$4.30,$0.86 per 100g,https://foodlandbalaklava.com.au//lines/leggos-psta-bke-cr-s-tm-g500gm
Foodland Balaklava,2025-05-04 23:58:16,Leggo's Pasta Sauce Roasted Garlic,500g,N/A,$4.85,$0.97 per 100g,https://foodlandbalaklava.com.au//lines/leggos-psta-sce-tom-r-grl500gm
Foodland Balaklava,2025-05-04 23:58:16,Leggo's Pesto Basil With Sun Dried Tomato,190g,N/A,$5.30,$2.79 per 100g,https://foodlandbalaklava.com.au//lines/leggos-psto-sdr-tom-conc-190g
Foodland Balaklava,2025-05-04 23:58:16,Leggo's Pesto Traditional Basil,190g,N/A,$5.30,$2.79 per 100g,https://foodlandbalaklava.com.au//lines/leggos-psto-basil-trd-con190gm
Foodland Balaklava,2025-05-04 23:58:16,"Leggo's Pizza Sauce With Garlic, Onion & Herbs",2 x 140g,N/A,$3.70,$1.32 per 100g,https://foodlandbalaklava.com.au//lines/leggos-sce-pizza-2x140gm
Foodland Balaklava,2025-05-04 23:58:16,Leggo's Tomato Paste No Added Salt,390g,was $4.75,$4.00,$1.03 per 100g,https://foodlandbalaklava.com.au//lines/leggos-sqz-pste-tom-nas-390gm
Foodland Balaklava,2025-05-04 23:58:16,"Leggos Garden Vegetable With Carrot, Capsicum, Tomato & Zucchini Pasta Sauce",500g,N/A,$4.85,$0.97 per 100g,https://foodlandbalaklava.com.au//lines/leggos-psta-sce-grdn-veg-500gm
Foodland Balaklava,2025-05-04 23:58:16,Leggos Pasta Sauce Alfredo,490g,N/A,$4.85,$0.99 per 100g,https://foodlandbalaklava.com.au//lines/leggos-psta-sce-alfredo-490gm
Foodland Balaklava,2025-05-04 23:58:16,Leggos Psta Bke Las Bech,490g,N/A,$4.95,$1.01 per 100g,https://foodlandbalaklava.com.au//lines/leggos-psta-bke-las-bech-490g
Foodland Balaklava,2025-05-04 23:58:16,Leggos Spaghetti Sauce With Beef Can,680g,N/A,$5.25,$0.77 per 100g,https://foodlandbalaklava.com.au//lines/leggos-spag-sce-beef-680gm
Foodland Balaklava,2025-05-04 23:58:16,Leggos Sprd/​Swt/​Pick/​Must250gm,N/A,N/A,$2.65,$1.06 per 100g,https://foodlandbalaklava.com.au//lines/leggos-sprd-swt-pick-must250gm
Foodland Balaklava,2025-05-04 23:58:16,Leggos Stir Through Pasta Sauce Sundried Tomato & Roasted Garlic,350g,N/A,$5.55,$1.59 per 100g,https://foodlandbalaklava.com.au//lines/leggos-s-thrgh-s-tom-garl350gm
Foodland Balaklava,2025-05-04 23:58:16,Leggos Tomato & Barossa Shiraz Pasta Sauce,390g,was $5.80,$4.55,$1.17 per 100g,https://foodlandbalaklava.com.au//lines/leggos-psta-sce-tom-p-jck-390g
Foodland Balaklava,2025-05-04 23:58:16,Leggos Tomato Paste Nas,500g,was $5.05,$4.00,$0.80 per 100g,https://foodlandbalaklava.com.au//lines/leggos-tom-pste-nas-500gm
Foodland Balaklava,2025-05-04 23:58:16,Leggos White Sauce Lasagne Pasta Bake,490g,N/A,$4.30,$0.88 per 100g,https://foodlandbalaklava.com.au//lines/leggos-psta-bke-lasg-wht-490gm
Foodland Balaklava,2025-05-04 23:58:16,Leggo’​S Organic Tomato & Basil Pasta Sauce,700g,N/A,$4.75,$0.68 per 100g,https://foodlandbalaklava.com.au//lines/leggos-passata-org-tom-bas700g
Foodland Balaklava,2025-05-04 23:58:16,Lego Ninjago,N/A,N/A,$11.99,N/A,https://foodlandbalaklava.com.au//lines/lego-ninjago-1
Foodland Balaklava,2025-05-04 23:58:16,Lego Ninjago,N/A,N/A,$13.99,N/A,https://foodlandbalaklava.com.au//lines/lego-ninjago-9
Foodland Balaklava,2025-05-04 23:58:16,Lemnos Fetta Salad Crumbles,150g,N/A,$6.30,$42.00 per kg,https://foodlandbalaklava.com.au//lines/lemnos-fetta-trad-crmbld-150gm
Foodland Balaklava,2025-05-04 23:58:16,Lemnos Reduced Fat Traditional Fetta Cheese,180g,was $6.85,$5.50,$30.56 per kg,https://foodlandbalaklava.com.au//lines/lemnos-fetta-red-fat-180gm
Foodland Balaklava,2025-05-04 23:58:16,Lemons,1kg,N/A,$6.19,$6.19 per kg,https://foodlandbalaklava.com.au//lines/lemons-pre-pack-4
Foodland Balaklava,2025-05-04 23:58:16,Lemons,1kg,N/A,$15.50,$15.50 per kg,https://foodlandbalaklava.com.au//lines/lemons-pre-pack
Foodland Balaklava,2025-05-04 23:58:16,Lemsip Max Cold & Flu With Decongestant Lemon Sachets 10,N/A,N/A,$17.00,$1.70 Each,https://foodlandbalaklava.com.au//lines/lemsip-sach-max-decon-lemon10s
Foodland Balaklava,2025-05-04 23:58:16,Leo Coco Hzlnut & Choc,325g,was $5.80,$4.80,$1.48 per 100g,https://foodlandbalaklava.com.au//lines/leo-coco-hzlnut-choc-325g
Foodland Balaklava,2025-05-04 23:58:16,Leonardo Salad Servers 2pk,N/A,N/A,$41.58,N/A,https://foodlandbalaklava.com.au//lines/leonardo-salad-servers-2pk
Foodland Balaklava,2025-05-04 23:58:16,Leonardo Spoons Macchiato 4pk,N/A,was $28.98,$27.60,N/A,https://foodlandbalaklava.com.au//lines/leonardo-spoons-macchiato-4pk
Foodland Balaklava,2025-05-04 23:58:16,Les Burdett Lawn Food,4kg,N/A,$18.00,"$4,500.00 per kg",https://foodlandbalaklava.com.au//lines/les-burdett-lawn-food-4kg
Foodland Balaklava,2025-05-04 23:58:16,Lets Be Mermaids,N/A,N/A,$13.99,N/A,https://foodlandbalaklava.com.au//lines/lets-be-mermaids-1
Foodland Balaklava,2025-05-04 23:58:16,Lets Knit,N/A,N/A,$20.99,N/A,https://foodlandbalaklava.com.au//lines/lets-knit-4
Foodland Balaklava,2025-05-04 23:58:16,Lettuce Hydro Oakleaf Red Each,N/A,N/A,$2.30,$2.30 per kg,https://foodlandbalaklava.com.au//lines/lettuce-duets-bagged
Foodland Balaklava,2025-05-04 23:58:16,Lexar 16gb Jump Drive,N/A,N/A,$15.75,N/A,https://foodlandbalaklava.com.au//lines/lexar-jumpdrive-s60-16gb-1pk
Foodland Balaklava,2025-05-04 23:58:16,Lian Pho Ga Chicken Instant Rice Noodles,300g,N/A,$8.00,$2.67 per 100g,https://foodlandbalaklava.com.au//lines/tasman-inst-chk-rice-noodles-5pk
Foodland Balaklava,2025-05-04 23:58:16,Lian Pho Noddle Chicken Bowl,70g,N/A,$3.90,$5.57 per 100g,https://foodlandbalaklava.com.au//lines/tasman-lian-pho-ga-chicken-70g
Foodland Balaklava,2025-05-04 23:58:16,Libra Body Fit Regular Tampons 16 Pack,N/A,was $6.45,$4.90,$0.31 Each,https://foodlandbalaklava.com.au//lines/libra-tampons-reg-16s-1
Foodland Balaklava,2025-05-04 23:58:16,Libra Body Fit Super Tampons 32 Pack,N/A,was $11.20,$8.00,$0.25 Each,https://foodlandbalaklava.com.au//lines/libra-tampons-super-32s-1
Foodland Balaklava,2025-05-04 23:58:16,Libra Dry Long Liners 30 Pack,N/A,was $4.75,$4.05,$0.14 Each,https://foodlandbalaklava.com.au//lines/libra-liner-dry-long-30pk
Foodland Balaklava,2025-05-04 23:58:16,Libra Extra Goodnights Pads Long And Wide With Wings 6 Pack,N/A,was $6.30,$5.70,$0.95 Each,https://foodlandbalaklava.com.au//lines/libra-pads-xtra-night-wing-6s
Foodland Balaklava,2025-05-04 23:58:16,Libra Extra Pads Goodnights With Wings 10 Pack,N/A,was $7.50,$5.70,$0.57 Each,https://foodlandbalaklava.com.au//lines/libra-pads-goodnight-reg-10s-1
Foodland Balaklava,2025-05-04 23:58:16,Libra Extra Pads Super With Wings 12 Pack,N/A,was $7.50,$5.70,$0.48 Each,https://foodlandbalaklava.com.au//lines/libra-pads-extra-wing-super12s-1
Foodland Balaklava,2025-05-04 23:58:16,Libra Extra Protect Liners 30 Pack,N/A,was $4.75,$4.05,$0.14 Each,https://foodlandbalaklava.com.au//lines/libra-liner-extra-protect-30pk
Foodland Balaklava,2025-05-04 23:58:16,Libra Invisible Pads Goodnights Wings 10 Pack,N/A,was $7.65,$4.40,$0.44 Each,https://foodlandbalaklava.com.au//lines/libra-pads-invisible-g-nght10s
Foodland Balaklava,2025-05-04 23:58:16,Libra Invisible Pads Super With Wings 10 Pack,N/A,was $7.65,$4.40,$0.44 Each,https://foodlandbalaklava.com.au//lines/libra-invisible-wing-supr-10s-1
Foodland Balaklava,2025-05-04 23:58:16,Libra Tampons Super - 16 Pack,N/A,was $6.70,$4.90,$0.31 Each,https://foodlandbalaklava.com.au//lines/libra-tampons-super-16s
Foodland Balaklava,2025-05-04 23:58:16,Libra Teen Pads Goodnights With Wings 10 Pack,N/A,was $7.15,$5.70,$0.57 Each,https://foodlandbalaklava.com.au//lines/libra-pads-girl-g-nights-10s
Foodland Balaklava,2025-05-04 23:58:18,Libra Teen Regular Tampons 16pk 16pk,N/A,was $6.70,$4.90,$0.31 Each,https://foodlandbalaklava.com.au//lines/libra-tampons-girls-reg-16s
Foodland Balaklava,2025-05-04 23:58:18,Libra Ultra Thin Goodnights Pads Long And Wide With Wings 6 Pack,N/A,N/A,$6.30,$1.05 Each,https://foodlandbalaklava.com.au//lines/libra-pads-u-thn-g-nght-l-w-6s
Foodland Balaklava,2025-05-04 23:58:18,Libra Ultra Thin Pads Goodnights With Wings 10 Pack,N/A,was $7.50,$5.70,$0.57 Each,https://foodlandbalaklava.com.au//lines/libra-pads-u-thn-g-nights-10s
Foodland Balaklava,2025-05-04 23:58:18,Libra Ultra Thin Pads Regular Wings 20,N/A,was $9.85,$7.00,$0.35 Each,https://foodlandbalaklava.com.au//lines/libra-pads-u-thn-reg-wing-20s
Foodland Balaklava,2025-05-04 23:58:18,Libra Ultra Thin Pads Super With Wings 18 Pack,N/A,was $9.85,$7.00,$0.39 Each,https://foodlandbalaklava.com.au//lines/libra-pads-u-thn-sup-wing-18s
Foodland Balaklava,2025-05-04 23:58:18,Libra Underwear Hipster Large 1,N/A,N/A,$19.50,N/A,https://foodlandbalaklava.com.au//lines/libra-underwear-hipster-lge-1s
Foodland Balaklava,2025-05-04 23:58:18,Libra Underwear Hipster Medium 1,N/A,N/A,$19.50,N/A,https://foodlandbalaklava.com.au//lines/libra-underwear-hipster-med-1s
Foodland Balaklava,2025-05-04 23:58:18,Licensed Assorted Stickers,N/A,N/A,$2.50,N/A,https://foodlandbalaklava.com.au//lines/licensed-assorted-stickers
Foodland Balaklava,2025-05-04 23:58:18,Licorice Dutch,N/A,N/A,$32.00,N/A,https://foodlandbalaklava.com.au//lines/licorice-dutch-1
Foodland Balaklava,2025-05-04 23:58:18,LICORICE LVRS TRAD TWIST,280g,was $3.80,$3.60,$1.29 per 100g,https://foodlandbalaklava.com.au//lines/licorice-lvrs-trad-twist-200g
Foodland Balaklava,2025-05-04 23:58:18,Liddells Chse Lac/​Fr Shrd250gm,N/A,was $7.90,$6.95,$27.80 per kg,https://foodlandbalaklava.com.au//lines/liddells-chse-lac-fr-shrd250gm-1
Foodland Balaklava,2025-05-04 23:58:18,Liddells Chse Tsty Slc,250g,was $7.90,$6.95,$27.80 per kg,https://foodlandbalaklava.com.au//lines/liddells-chse-tsty-slc-250g
Foodland Balaklava,2025-05-04 23:58:18,Liddells Cream Cheese,250g,N/A,$6.60,$26.40 per kg,https://foodlandbalaklava.com.au//lines/liddells-chse-cream-250gm-1
Foodland Balaklava,2025-05-04 23:58:18,Liddells Lactose Free Low Fat Milk,1L,was $3.15,$3.00,$3.00 per L,https://foodlandbalaklava.com.au//lines/liddells-milk-lact-fr-l-fat-1l-3
Foodland Balaklava,2025-05-04 23:58:18,Liddells Lactose Free Milk,1L,was $3.15,$3.00,$3.00 per L,https://foodlandbalaklava.com.au//lines/liddells-milk-lact-fr-fl-crm1l
Foodland Balaklava,2025-05-04 23:58:18,Liddells Lactose Free Skimmed Milk,1L,was $3.15,$3.00,$3.00 per L,https://foodlandbalaklava.com.au//lines/liddells-milk-lact-fr-skim-1l-3
Foodland Balaklava,2025-05-04 23:58:18,Liddels Chocolate Milk Lactose Free,3 x 250mL,N/A,$5.40,$7.20 per L,https://foodlandbalaklava.com.au//lines/liddells-milk-choc-uht-3x250ml
Foodland Balaklava,2025-05-04 23:58:18,Life Savers Fruit Pastilles,34g,was $1.60,$1.20,$3.53 per 100g,https://foodlandbalaklava.com.au//lines/l-saver-fruit-pastilles-34g-1
Foodland Balaklava,2025-05-04 23:58:18,Life Savers Mixed Sherbert Fizz Stix,200g,was $5.25,$3.60,$1.80 per 100g,https://foodlandbalaklava.com.au//lines/l-saver-stix-s-fiz-mixd-200gm
Foodland Balaklava,2025-05-04 23:58:18,Life Savers Pastilles,180g,was $5.25,$3.60,$2.00 per 100g,https://foodlandbalaklava.com.au//lines/l-saver-b-curr-pastilles-180gm
Foodland Balaklava,2025-05-04 23:58:18,Life Savers Raspberry Sherbert Fizz Stix,40g,was $2.10,$1.50,$3.75 per 100g,https://foodlandbalaklava.com.au//lines/l-saver-stix-s-fiz-rbry-40gm
Foodland Balaklava,2025-05-04 23:58:18,Life Savers Sour Fruit Pastilels,170g,was $5.25,$3.60,$2.12 per 100g,https://foodlandbalaklava.com.au//lines/l-saver-frt-pastilles-sr-180gm
Foodland Balaklava,2025-05-04 23:58:18,Life Style Gluten Free Fruit Loaf,500g,was $7.65,$6.50,$1.30 per 100g,https://foodlandbalaklava.com.au//lines/l-sty-s-lght-loaf-fruit-500gm
Foodland Balaklava,2025-05-04 23:58:18,Life Style Gluten Free High Fibre White Loaf,500g,was $7.65,$6.50,$1.30 per 100g,https://foodlandbalaklava.com.au//lines/l-sty-s-lgt-lf-h-fb-wh-g-f500g
Foodland Balaklava,2025-05-04 23:58:18,Life Style Gluten Free Multigrain Loaf,500g,was $7.65,$6.50,$1.30 per 100g,https://foodlandbalaklava.com.au//lines/l-sty-s-lght-lf-mltgn-g-f500gm
Foodland Balaklava,2025-05-04 23:58:18,Life Style Gluten Free Turkish Bread,200g,N/A,$6.40,$3.20 per 100g,https://foodlandbalaklava.com.au//lines/l-sty-turkish-bread-g-f-200gm
Foodland Balaklava,2025-05-04 23:58:18,Life Style Gluten Free White Roll 2pk,N/A,N/A,$3.85,$2.75 per 100g,https://foodlandbalaklava.com.au//lines/l-sty-roll-white-g-f-2pk-140gm
Foodland Balaklava,2025-05-04 23:58:18,Lifesavers Lemon Sherbert Bombs,150g,was $5.25,$3.60,$2.40 per 100g,https://foodlandbalaklava.com.au//lines/l-saver-sherb-bomb-lem-150g
Foodland Balaklava,2025-05-04 23:58:18,Lifestyle Bakery Wholemeal Gluten Free Loaf,500g,was $7.65,$6.50,$1.30 per 100g,https://foodlandbalaklava.com.au//lines/l-sty-s-lght-lf-w-ml-g-f-500gm
Foodland Balaklava,2025-05-04 23:58:18,Lifestyles® Large Condoms 10 Pack,N/A,was $6.85,$6.20,$0.62 Each,https://foodlandbalaklava.com.au//lines/l-styles-condoms-large-10s
Foodland Balaklava,2025-05-04 23:58:18,Lifestyles® Luxe® Silicone Lubricant,100mL,was $11.55,$10.45,$10.45 per 100mL,https://foodlandbalaklava.com.au//lines/l-styles-lube-lux-silico-100ml
Foodland Balaklava,2025-05-04 23:58:18,Lifestyles® Regular Condoms 10 Pack,N/A,was $6.85,$6.20,$0.62 Each,https://foodlandbalaklava.com.au//lines/l-styles-condoms-regular-10s
Foodland Balaklava,2025-05-04 23:58:18,Lifestyles® Silky Smooth Lubricant,100g,was $7.35,$5.85,$5.85 per 100g,https://foodlandbalaklava.com.au//lines/l-styles-lube-silky-smth-100gm
Foodland Balaklava,2025-05-04 23:58:18,Lifestyles® Zero® Condoms 10 Pack,N/A,was $11.05,$10.50,$1.05 Each,https://foodlandbalaklava.com.au//lines/l-styles-condoms-zero-10s
Foodland Balaklava,2025-05-04 23:58:18,Lifestyles®​️ Bliss Warming Massage Gel,120mL,was $12.60,$11.10,$9.25 per 100mL,https://foodlandbalaklava.com.au//lines/l-styles-masge-rolr-bliss120ml
Foodland Balaklava,2025-05-04 23:58:18,Lifestyles®​️ Sensation Max Condoms 8 Pack,N/A,was $6.85,$6.20,$0.78 Each,https://foodlandbalaklava.com.au//lines/l-styles-condoms-sens-max-8s
Foodland Balaklava,2025-05-04 23:58:18,Lighthouse Bread & Pizza Plain Flour,1kg,N/A,$4.20,"$4,200.00 per kg",https://foodlandbalaklava.com.au//lines/l-house-pln-flour-brd-pizza1kg
Foodland Balaklava,2025-05-04 23:58:18,Lilydale Boneless Italian Butterfly Chicken,1.1kg,N/A,$17.00,$15.45 per kg,https://foodlandbalaklava.com.au//lines/lilydale-italian-b-flied-chicken-1-1kg
Foodland Balaklava,2025-05-04 23:58:18,Lilydale Chicken Teriyaki Kebab,N/A,N/A,$10.00,$26.67 per kg,https://foodlandbalaklava.com.au//lines/lilydale-tp-teriyaki-kebabs-375g
Foodland Balaklava,2025-05-04 23:58:18,Limes Pp,1kg,N/A,$7.50,$7.50 per kg,https://foodlandbalaklava.com.au//lines/limes-pp-1kg
Foodland Balaklava,2025-05-04 23:58:18,Lindt Excellence 78% Cocoa Dark Chocolate,100g,was $7.30,$5.95,$5.95 per 100g,https://foodlandbalaklava.com.au//lines/lindt-excel-78-cocoa-100gm
Foodland Balaklava,2025-05-04 23:58:18,Lindt Excellence 85% Cocoa Dark Chocolate,100g,N/A,$5.29,$5.29 per 100g,https://foodlandbalaklava.com.au//lines/lindt-exc-85-cocoa-80gm
Foodland Balaklava,2025-05-04 23:58:18,Lindt Excellence Dark Salty Liquorice Block E,100g,was $7.30,$5.95,$5.95 per 100g,https://foodlandbalaklava.com.au//lines/lindt-excel-sltd-licorice-100g
Foodland Balaklava,2025-05-04 23:58:18,Lindt Excellence Orange Intense Dark Chocolate,100g,was $7.30,$5.95,$5.95 per 100g,https://foodlandbalaklava.com.au//lines/lindt-excel-intense-org-100gm-1
Foodland Balaklava,2025-05-04 23:58:18,Lindt Gold Bunny Milk,100 x 10g,N/A,$1.45,$14.50 per 100g,https://foodlandbalaklava.com.au//lines/lindt-teddy-counter-disp-10gm
Foodland Balaklava,2025-05-04 23:58:18,Lindt Lindor 70% Cocoa Bag,123g,was $13.65,$8.75,$7.00 per 100g,https://foodlandbalaklava.com.au//lines/lindor-balls-bag-dark-70-125gm
Foodland Balaklava,2025-05-04 23:58:18,Lindt Lindor Assorted Chocolate Gift Box,150g,N/A,$21.00,$14.00 per 100g,https://foodlandbalaklava.com.au//lines/lindor-balls-astd-gft-bx-150gm
Foodland Balaklava,2025-05-04 23:58:18,Lindt Lindor Dark Assorted Chocolate Bag,121g,was $13.65,$8.75,$7.00 per 100g,https://foodlandbalaklava.com.au//lines/lindor-dk-asst-share-bag-121g
Foodland Balaklava,2025-05-04 23:58:19,Lindt Lindor Milk,100g,was $7.30,$5.95,$5.95 per 100g,https://foodlandbalaklava.com.au//lines/lindor-choc-milk-single-100gm
Foodland Balaklava,2025-05-04 23:58:19,Lindt Lindor Milk Chocolate Bag,125g,was $13.65,$8.75,$7.00 per 100g,https://foodlandbalaklava.com.au//lines/lindt-lindor-milk-shrbag-125gm
Foodland Balaklava,2025-05-04 23:58:19,Lindt Lindor Raspberries And Cream Bag,123g,was $13.65,$8.75,$7.00 per 100g,https://foodlandbalaklava.com.au//lines/lindt-rasp-crm-shrbag-125g
Foodland Balaklava,2025-05-04 23:58:19,Lindt Lindor Singles Dark Chocolate Block,100g,was $7.30,$5.95,$5.95 per 100g,https://foodlandbalaklava.com.au//lines/lindor-choc-dark-single-100gm
Foodland Balaklava,2025-05-04 23:58:19,Lindt Lindor White Assorted Bag,121g,was $13.65,$8.75,$7.00 per 100g,https://foodlandbalaklava.com.au//lines/lindor-white-asst-bag-125g
Foodland Balaklava,2025-05-04 23:58:19,Lindt Lindor White Chocolate Bag,125g,was $13.65,$8.75,$7.00 per 100g,https://foodlandbalaklava.com.au//lines/lindor-white-bag-125g
Foodland Balaklava,2025-05-04 23:58:19,Lindt Mini Chicks Pouch Bag,80g,was $7.29,$6.00,$9.11 per 100g,https://foodlandbalaklava.com.au//lines/lindt-mini-chics-80g
Foodland Balaklava,2025-05-04 23:58:19,Lion Choc Chip Pancake Mix,325g,N/A,$3.40,$1.05 per 100g,https://foodlandbalaklava.com.au//lines/lion-p-cake-choc-chip-325gm
Foodland Balaklava,2025-05-04 23:58:19,Lion Classic Scone Mix,535g,N/A,$4.10,$0.77 per 100g,https://foodlandbalaklava.com.au//lines/lion-classic-scone-mix-535gm
Foodland Balaklava,2025-05-04 23:58:19,Lion P/​Cake Shaker,350g,N/A,$3.40,$0.97 per 100g,https://foodlandbalaklava.com.au//lines/lion-p-cake-shaker-350gm
Foodland Balaklava,2025-05-04 23:58:19,Lion Pancake Shaker Buttermilk,350g,N/A,$3.40,$0.97 per 100g,https://foodlandbalaklava.com.au//lines/lion-p-cake-shkr-but-milk350gm
Foodland Balaklava,2025-05-04 23:58:19,Lipton Decaffeinated Black Tea Bags,N/A,N/A,$6.50,$6.50 per 100g,https://foodlandbalaklava.com.au//lines/lipt-t-bag-blk-tea-decaf-50s-2
Foodland Balaklava,2025-05-04 23:58:19,Lipton Green Tea Bags 100s,100g,was $9.65,$7.75,$3.88 per 100g,https://foodlandbalaklava.com.au//lines/lipt-t-bag-ceylon-green-100s
Foodland Balaklava,2025-05-04 23:58:19,Lipton Ice Tea Lemon Tea Iced Tea Bottle,500mL,N/A,$3.70,$7.40 per L,https://foodlandbalaklava.com.au//lines/liptonice-tea-lemon-500ml-1
Foodland Balaklava,2025-05-04 23:58:19,Lipton Ice Tea Mango,500mL,N/A,$3.70,$7.40 per L,https://foodlandbalaklava.com.au//lines/liptonice-tea-mango-500ml-1
Foodland Balaklava,2025-05-04 23:58:19,Lipton Ice Tea Peach Tea Iced Tea Bottle,1.5L,was $6.30,$4.10,$2.73 per L,https://foodlandbalaklava.com.au//lines/liptonice-tea-peach-1-5l
Foodland Balaklava,2025-05-04 23:58:19,Lipton Ice Tea Peach Tea Iced Tea Bottle,500mL,N/A,$3.70,$7.40 per L,https://foodlandbalaklava.com.au//lines/liptonice-tea-peach-500ml
Foodland Balaklava,2025-05-04 23:58:19,Lipton Ice Tea Raspberry Tea Iced Tea Bottle,1.5L,was $6.30,$4.10,$2.73 per L,https://foodlandbalaklava.com.au//lines/liptonice-tea-raspberry-1-5l
Foodland Balaklava,2025-05-04 23:58:19,Lipton Iced Tea Mango,320g,N/A,$7.35,$45.94 per 100g,https://foodlandbalaklava.com.au//lines/lipt-i-tea-sach-mango-20s
Foodland Balaklava,2025-05-04 23:58:19,Lipton Lemon Iced Tea Sachet,20 x 280g,N/A,$7.35,$52.50 per 100g,https://foodlandbalaklava.com.au//lines/lipt-i-tea-sach-lemon-20s-1
Foodland Balaklava,2025-05-04 23:58:19,Lipton Peach Iced Tea Sachet,20 x 280g,N/A,$7.35,$52.50 per 100g,https://foodlandbalaklava.com.au//lines/lipt-i-tea-sach-peach-20s-1
Foodland Balaklava,2025-05-04 23:58:19,Lipton Quality Black Tea Bags,N/A,was $4.90,$4.25,$4.25 per 100g,https://foodlandbalaklava.com.au//lines/lipt-t-bag-quality-black-50s-1
Foodland Balaklava,2025-05-04 23:58:19,Lipton Quality Intense Extra Strong Tea 6-(​100x2.​4g),240g,N/A,$8.20,$3.42 per 100g,https://foodlandbalaklava.com.au//lines/lipt-t-bag-intense-100s
Foodland Balaklava,2025-05-04 23:58:19,Lipton Quality Tips Loose Leaf Tea,250g,N/A,$5.15,$2.06 per 100g,https://foodlandbalaklava.com.au//lines/lipt-tea-quality-250gm
Foodland Balaklava,2025-05-04 23:58:19,Liquid Plumr Pro Strength Urgent Clear,502mL,N/A,$12.60,$2.51 per 100mL,https://foodlandbalaklava.com.au//lines/liquid-plumr-urgnt-clear-502ml
Foodland Balaklava,2025-05-04 23:58:19,Listerine Cool Mint Mouthwash,250mL,was $5.80,$4.55,$1.82 per 100mL,https://foodlandbalaklava.com.au//lines/listerine-coolmint-250ml
Foodland Balaklava,2025-05-04 23:58:19,Listerine Cool Mint Mouthwash,500mL,was $8.40,$6.60,$1.32 per 100mL,https://foodlandbalaklava.com.au//lines/listerine-coolmint-500ml
Foodland Balaklava,2025-05-04 23:58:19,Listerine Freshburst Mouthwash,1L,N/A,$12.50,$1.25 per 100mL,https://foodlandbalaklava.com.au//lines/listerine-fresh-burst-1l
Foodland Balaklava,2025-05-04 23:58:19,Listerine Freshburst Mouthwash,250mL,was $5.80,$4.55,$1.82 per 100mL,https://foodlandbalaklava.com.au//lines/listerine-fresh-burst-250ml
Foodland Balaklava,2025-05-04 23:58:19,Listerine Freshburst Mouthwash,500mL,was $8.40,$6.60,$1.32 per 100mL,https://foodlandbalaklava.com.au//lines/listerine-fresh-burst-500ml
Foodland Balaklava,2025-05-04 23:58:19,Listerine Freshburst Zero Alcohol Mouthwash,500mL,was $8.40,$6.60,$1.32 per 100mL,https://foodlandbalaklava.com.au//lines/listerine-fresh-brst-zero500ml
Foodland Balaklava,2025-05-04 23:58:19,Listerine Green Tea,500mL,was $8.40,$6.60,$1.32 per 100mL,https://foodlandbalaklava.com.au//lines/listerine-green-tea-500ml
Foodland Balaklava,2025-05-04 23:58:19,Listerine Original Mouthwash,1L,N/A,$12.50,$1.25 per 100mL,https://foodlandbalaklava.com.au//lines/listerine-antiseptic-1l
Foodland Balaklava,2025-05-04 23:58:19,Listerine Original Mouthwash,500mL,was $8.40,$6.60,$1.32 per 100mL,https://foodlandbalaklava.com.au//lines/listerine-antiseptic-500ml
Foodland Balaklava,2025-05-04 23:58:19,Listerine Pocket Packs Listerine Pocketpaks Oral Care Strips Freshburst Value Pack 72,N/A,was $10.00,$7.60,$0.11 Each,https://foodlandbalaklava.com.au//lines/listerine-pktpck-freshburs-72
Foodland Balaklava,2025-05-04 23:58:19,Listerine Pocketmist Oral Care Spray Cool Mint,7.7mL,was $10.00,$7.85,$98.12 per 100mL,https://foodlandbalaklava.com.au//lines/listerine-pktmst-c-mint-7-7ml
Foodland Balaklava,2025-05-04 23:58:19,Listerine Pocketmist Oral Care Spray Freshburst,7.7mL,was $10.00,$7.85,$98.12 per 100mL,https://foodlandbalaklava.com.au//lines/listerine-pktmst-f-burst-7-7ml
Foodland Balaklava,2025-05-04 23:58:19,Listerine Smart Rinse,500mL,was $8.40,$6.60,$1.32 per 100mL,https://foodlandbalaklava.com.au//lines/listerine-smart-shld-bry-500ml
Foodland Balaklava,2025-05-04 23:58:19,Listerine Total Care Bright White Mouthwash,500mL,was $10.50,$8.25,$1.65 per 100mL,https://foodlandbalaklava.com.au//lines/listerine-bright-white-500ml
Foodland Balaklava,2025-05-04 23:58:19,Listerine Total Care Mouthwash,100mL,N/A,$3.15,$3.15 per 100mL,https://foodlandbalaklava.com.au//lines/listerine-m-wash-t-care-100ml
Foodland Balaklava,2025-05-04 23:58:19,Listerine Total Care Mouthwash,1L,N/A,$14.50,$1.45 per 100mL,https://foodlandbalaklava.com.au//lines/listerine-total-care-1l
Foodland Balaklava,2025-05-04 23:58:19,Listerine Total Care Mouthwash,250mL,was $7.35,$5.75,$2.30 per 100mL,https://foodlandbalaklava.com.au//lines/listerine-total-care-250ml
Foodland Balaklava,2025-05-04 23:58:19,Listerine Total Care Teeth Defence Mouthwash,1L,N/A,$14.50,$1.45 per 100mL,https://foodlandbalaklava.com.au//lines/listerine-teeth-defence-1l
Foodland Balaklava,2025-05-04 23:58:19,Listerine Total Care Teeth Defence Mouthwash,500mL,was $10.50,$8.25,$1.65 per 100mL,https://foodlandbalaklava.com.au//lines/listerine-teeth-defence-500ml
Foodland Balaklava,2025-05-04 23:58:19,Listerine Total Care Zero Alcohol Mouthwash,500mL,was $10.50,$8.25,$1.65 per 100mL,https://foodlandbalaklava.com.au//lines/listerine-total-care-zero500ml
Foodland Balaklava,2025-05-04 23:58:19,Listerine Zero Alcohol Antibacterial Mouthwash Limited Edition Cherry Blossom And Peach,500mL,was $8.40,$6.60,$1.32 per 100mL,https://foodlandbalaklava.com.au//lines/listerine-chry-blsm-peac-500ml
Foodland Balaklava,2025-05-04 23:58:19,Lite N Easy Beef Stroganoff,430g,N/A,$13.90,$3.23 per 100g,https://foodlandbalaklava.com.au//lines/lite-n-easy-slc-bf-strog-430gm
Foodland Balaklava,2025-05-04 23:58:19,Lite N Easy Butter Chicken,410g,N/A,$13.90,$3.39 per 100g,https://foodlandbalaklava.com.au//lines/lite-n-easy-btr-chic-410gm
Foodland Balaklava,2025-05-04 23:58:21,Lite N Easy Coconut Beef Curry,395g,N/A,$13.90,$3.52 per 100g,https://foodlandbalaklava.com.au//lines/lite-n-easy-bf-coco-cury-395gm
Foodland Balaklava,2025-05-04 23:58:21,Lite N Easy Spag Bolgnse,420g,N/A,$13.90,$3.31 per 100g,https://foodlandbalaklava.com.au//lines/lite-n-easy-spag-bolgnse-420gm
Foodland Balaklava,2025-05-04 23:58:21,Lite N Easy Spaghetti & Meatballs,415g,N/A,$13.90,$3.35 per 100g,https://foodlandbalaklava.com.au//lines/lite-n-easy-slc-spg-m-bal-415g
Foodland Balaklava,2025-05-04 23:58:21,Lite N Easy Tasmanian Salmon Pasta,445g,N/A,$13.90,$3.12 per 100g,https://foodlandbalaklava.com.au//lines/lite-n-easy-salm-pasta-445gm
Foodland Balaklava,2025-05-04 23:58:21,Little Bellies Mango Yoghurt Pick Up Sticks,16g,was $3.95,$3.50,$21.88 per 100g,https://foodlandbalaklava.com.au//lines/b-bellies-p-up-stk-ygt-mng16gm
Foodland Balaklava,2025-05-04 23:58:21,Little Bellies Organic Banana & Date Oat Bars,85g,was $4.90,$3.50,$4.12 per 100g,https://foodlandbalaklava.com.au//lines/l-bellies-bar-ban-date-oat85gm
Foodland Balaklava,2025-05-04 23:58:21,Little Dc Hcb Rsp&​W/​Ch4pk340gm,N/A,N/A,$5.00,$1.47 per 100g,https://foodlandbalaklava.com.au//lines/little-dc-hcb-rsp-w-ch4pk340gm
Foodland Balaklava,2025-05-04 23:58:21,Little Dc Hcb Slt Crml4pk340gm,N/A,N/A,$5.00,$1.47 per 100g,https://foodlandbalaklava.com.au//lines/little-dc-hcb-slt-crml4pk340gm
Foodland Balaklava,2025-05-04 23:58:21,Little Joe Dog New Car Freshnr,N/A,N/A,$7.50,N/A,https://foodlandbalaklava.com.au//lines/little-joe-dog-new-car-freshnr
Foodland Balaklava,2025-05-04 23:58:21,Little Joe Ocean Blue Car-Frsh 4pk,N/A,N/A,$7.99,N/A,https://foodlandbalaklava.com.au//lines/little-joe-ocean-blue-car-frsh-4pk
Foodland Balaklava,2025-05-04 23:58:21,Little Joe Vanilla Car-Frsh 4pk,N/A,N/A,$7.99,N/A,https://foodlandbalaklava.com.au//lines/little-joe-vanilla-car-frsh-4pk
Foodland Balaklava,2025-05-04 23:58:21,Little Kids Beanie,N/A,N/A,$8.00,N/A,https://foodlandbalaklava.com.au//lines/little-kids-beanie
Foodland Balaklava,2025-05-04 23:58:21,Little Meat Co. Greek Loin,N/A,N/A,$17.95,N/A,https://foodlandbalaklava.com.au//lines/little-meat-co-greek-loin
Foodland Balaklava,2025-05-04 23:58:21,Little Meat Co. Lem/​Herb Shoulder,N/A,N/A,$13.95,N/A,https://foodlandbalaklava.com.au//lines/little-meat-co-lem-herb-shoulder
Foodland Balaklava,2025-05-04 23:58:21,Little Meat Co. Meatballs,400g,N/A,$5.50,$13.75 per kg,https://foodlandbalaklava.com.au//lines/little-meat-co-meatballs-400g
Foodland Balaklava,2025-05-04 23:58:21,Little Meat Co. Porchetta Roast Rw,N/A,N/A,$17.95,N/A,https://foodlandbalaklava.com.au//lines/liitle-meat-co-porchetta-roast-rw
Foodland Balaklava,2025-05-04 23:58:21,Little Meat Co. Teriyaki Pork S/​Fry,N/A,N/A,$15.95,N/A,https://foodlandbalaklava.com.au//lines/little-meat-co-teriyaki-pork-s-fry
Foodland Balaklava,2025-05-04 23:58:21,Little Oak Goat Milk Baby Formula,800g,N/A,$42.00,$5.25 per 100g,https://foodlandbalaklava.com.au//lines/l-oak-goat-formula-stg-1-800g
Foodland Balaklava,2025-05-04 23:58:21,Little Trees A/​Fr Blk Ice,30g,N/A,$8.65,$28.83 per 100g,https://foodlandbalaklava.com.au//lines/little-trees-a-fr-blk-ice-30g
Foodland Balaklava,2025-05-04 23:58:21,Live Multi 4 Catch Mouse Trap Each,N/A,N/A,$14.00,N/A,https://foodlandbalaklava.com.au//lines/live-multi-4-catch-mouse-trap-each
Foodland Balaklava,2025-05-04 23:58:21,Lk Kaleslaw Kit,350g,was $5.80,$5.20,$1.49 per 100g,https://foodlandbalaklava.com.au//lines/lk-kaleslaw-kit-350g
Foodland Balaklava,2025-05-04 23:58:21,Lk Mac & Cheese,250g,N/A,$5.80,$2.32 per 100g,https://foodlandbalaklava.com.au//lines/lk-mac-cheese-250g
Foodland Balaklava,2025-05-04 23:58:21,Lk937w Rio Kids Stretchables Qtr Crew 4pk,N/A,N/A,$12.95,N/A,https://foodlandbalaklava.com.au//lines/rio-sock-kid-crw-strtch6-12-4p
Foodland Balaklava,2025-05-04 23:58:21,Local Kitchen Potato Salad,250g,N/A,$4.00,$16.00 per kg,https://foodlandbalaklava.com.au//lines/lk-potato-salad-250g
Foodland Balaklava,2025-05-04 23:58:21,Lolly Gobble Bliss Bombs Nutty Caramel Popcorn,175g,N/A,$3.00,$1.71 per 100g,https://foodlandbalaklava.com.au//lines/l-gobl-bliss-ncrml-175gm
Foodland Balaklava,2025-05-04 23:58:21,Lotus Biscoff Biscuit Spread Crunchy,380g,was $7.90,$6.75,$1.78 per 100g,https://foodlandbalaklava.com.au//lines/lotus-biscoff-sprd-crnchy380gm
Foodland Balaklava,2025-05-04 23:58:21,Lotus Biscoff Biscuit Spread Smooth,400g,was $7.90,$6.75,$1.69 per 100g,https://foodlandbalaklava.com.au//lines/lotus-biscoff-sprd-smth-400g
Foodland Balaklava,2025-05-04 23:58:21,Lotus Biscoff Sandwich Biscuits Milk Chocolate,110g,was $3.40,$3.00,$2.73 per 100g,https://foodlandbalaklava.com.au//lines/lotus-bisc-biscoff-sw-chc110gm
Foodland Balaklava,2025-05-04 23:58:21,Lotus Biscoff Sandwich Biscuits Vanilla,110g,was $3.40,$3.00,$2.73 per 100g,https://foodlandbalaklava.com.au//lines/lotus-bisc-biscoff-sw-van110gm
Foodland Balaklava,2025-05-04 23:58:21,Lotus Biscoff Spread Crunchy,700g,was $12.60,$10.80,$1.54 per 100g,https://foodlandbalaklava.com.au//lines/lotus-biscoff-sprd-crnchy700gm
Foodland Balaklava,2025-05-04 23:58:21,Lotus Savoury Yeast Flakes,200g,N/A,$14.99,$7.50 per 100g,https://foodlandbalaklava.com.au//lines/lotus-savoury-yeast-flakes-200gm
Foodland Balaklava,2025-05-04 23:58:21,Lov Large Print Crossword,N/A,N/A,$9.50,N/A,https://foodlandbalaklava.com.au//lines/lov-large-print-crossword
Foodland Balaklava,2025-05-04 23:58:21,Love'em Kangaroo Crunchy Bites,100g,was $10.50,$9.55,$9.55 per 100g,https://foodlandbalaklava.com.au//lines/love-em-crnchy-bte-kang-100g
Foodland Balaklava,2025-05-04 23:58:21,Love'em Treat Lamb Rsemry,1kg,was $31.50,$27.80,$2.78 per 100g,https://foodlandbalaklava.com.au//lines/love-em-treat-lamb-rsemry-1kg
Foodland Balaklava,2025-05-04 23:58:21,Love'em™ Air Dried Beef Liver Treats,200g,was $14.70,$13.70,$6.85 per 100g,https://foodlandbalaklava.com.au//lines/loveem-liver-beef-200gm
Foodland Balaklava,2025-05-04 23:58:21,Love'em™ Air Dried Beef Liver Treats,90g,was $7.35,$6.75,$7.50 per 100g,https://foodlandbalaklava.com.au//lines/loveem-liver-beef-90gm
Foodland Balaklava,2025-05-04 23:58:21,Love'em™ Beef & Liver Training Treats Treats,200g,N/A,$4.20,$2.10 per 100g,https://foodlandbalaklava.com.au//lines/loveem-treat-trn-bf-lvr-200g
Foodland Balaklava,2025-05-04 23:58:21,Love'em™ Beef Jerky With Tomato Treats,200g,was $7.35,$6.70,$3.35 per 100g,https://foodlandbalaklava.com.au//lines/loveem-jrky-bf-tomato-200gm
Foodland Balaklava,2025-05-04 23:58:21,Love'em™ Grain Free Lamb Jerky With Rosemary Flavour Treats,200g,was $7.35,$6.70,$3.35 per 100g,https://foodlandbalaklava.com.au//lines/loveem-jrky-lmb-rsmry-200gm
Foodland Balaklava,2025-05-04 23:58:21,Love'em™ Joint Care Beef Liver Cookies Treats,250g,was $6.30,$5.85,$2.34 per 100g,https://foodlandbalaklava.com.au//lines/love-em-ckie-joint-bf-liv250gm
Foodland Balaklava,2025-05-04 23:58:21,Love'em™ Puppy Rewards Treats,200g,was $7.35,$6.80,$3.40 per 100g,https://foodlandbalaklava.com.au//lines/loveem-liver-treat-puppy200gm
Foodland Balaklava,2025-05-04 23:58:21,Low & Slow Steak Shooter,250g,N/A,$14.50,N/A,https://foodlandbalaklava.com.au//lines/low-and-slow-basics-steak-shooter-250g
Foodland Balaklava,2025-05-04 23:58:21,Low And Slow Basics Garlic Goals,250g,N/A,$14.50,N/A,https://foodlandbalaklava.com.au//lines/low-and-slow-basics-garlic-goals-250g
Foodland Balaklava,2025-05-04 23:58:21,Lowan Instant Dried Yeast,280g,N/A,$5.05,$1.80 per 100g,https://foodlandbalaklava.com.au//lines/lowan-yeast-280gm
Foodland Balaklava,2025-05-04 23:58:21,Lucas’ Papaw Ointment,15g,was $7.30,$7.20,$4.80 per 10g,https://foodlandbalaklava.com.au//lines/lucas-paw-paw-lip-applicator-15gm
Foodland Balaklava,2025-05-04 23:58:21,Lucas’ Papaw Ointment,25g,N/A,$10.50,$42.00 per 100g,https://foodlandbalaklava.com.au//lines/lucas-paw-paw-ointment-25gm
Foodland Balaklava,2025-05-04 23:58:21,Lucas’ Papaw Ointment,75g,was $26.20,$20.10,$26.80 per 100g,https://foodlandbalaklava.com.au//lines/lucas-paw-paw-ointment-75gm
Foodland Balaklava,2025-05-04 23:58:21,Lurpak Butter Garlic,125g,N/A,$4.30,$3.44 per 100g,https://foodlandbalaklava.com.au//lines/lurpak-garlic-butter-125g
Foodland Balaklava,2025-05-04 23:58:22,Lurpak Butter Slightly Salted,250g,N/A,$6.50,$2.60 per 100g,https://foodlandbalaklava.com.au//lines/lurpak-btr-pat-sltd-250gm
Foodland Balaklava,2025-05-04 23:58:22,Lurpak Butter Slightly Salted,400g,N/A,$9.00,$2.25 per 100g,https://foodlandbalaklava.com.au//lines/lurpak-butter-sl-sltd-block-400gm
Foodland Balaklava,2025-05-04 23:58:22,Lush Brandy Panna Cotta,250g,N/A,$5.00,$2.00 per 100g,https://foodlandbalaklava.com.au//lines/lush-brandy-panna-cotta-250g
Foodland Balaklava,2025-05-04 23:58:22,Luv A Duck Brst Rstd,380g,was $16.50,$15.90,$41.84 per kg,https://foodlandbalaklava.com.au//lines/luv-a-duck-brst-rstd-380g
Foodland Balaklava,2025-05-04 23:58:22,Luv A Duck Legs A L’​Orange,450g,N/A,$13.50,$30.00 per kg,https://foodlandbalaklava.com.au//lines/luv-a-duck-legs-a-l-rnge-450g
Foodland Balaklava,2025-05-04 23:58:22,Luv A Duck Peking Duck Breasts,380g,was $16.50,$15.90,$41.84 per kg,https://foodlandbalaklava.com.au//lines/luv-a-duck-brst-peking-380g
Foodland Balaklava,2025-05-04 23:58:22,Luv A Duck Peking Legs,450g,was $15.25,$14.70,$32.67 per kg,https://foodlandbalaklava.com.au//lines/luv-a-duck-legs-peking-450g
Foodland Balaklava,2025-05-04 23:58:22,Lynx Antiperspirant Aerosol Africa,165mL,N/A,$8.00,$4.85 per 100mL,https://foodlandbalaklava.com.au//lines/lynx-a-p-deod-africa-165ml
Foodland Balaklava,2025-05-04 23:58:22,Lynx Antiperspirant Aerosol Black,165mL,N/A,$8.00,$4.85 per 100mL,https://foodlandbalaklava.com.au//lines/lynx-a-p-deod-black-165ml
Foodland Balaklava,2025-05-04 23:58:22,Lynx Antiperspirant Aerosol Ice Chill,165mL,N/A,$8.00,$4.85 per 100mL,https://foodlandbalaklava.com.au//lines/lynx-a-p-deod-ice-chill-165ml
Foodland Balaklava,2025-05-04 23:58:22,Lynx Deodorant Aerosol Anarchy For Her,165mL,N/A,$8.00,$4.85 per 100mL,https://foodlandbalaklava.com.au//lines/lynx-deod-anarchy-165ml
Foodland Balaklava,2025-05-04 23:58:22,Lynx Deodorant Aerosol Dark Temptation,165mL,N/A,$8.00,$4.85 per 100mL,https://foodlandbalaklava.com.au//lines/lynx-deod-drk-temptation-165ml
Foodland Balaklava,2025-05-04 23:58:22,Lynx Deodorant Body Spray 100% Fresh Fragrance & 48hr Odour Protection Africa,165mL,N/A,$8.00,$4.85 per 100mL,https://foodlandbalaklava.com.au//lines/lynx-deod-africa-165ml
Foodland Balaklava,2025-05-04 23:58:22,Lynx Deodorant Body Spray 100% Fresh Fragrance & 48hr Odour Protection Anarchy Aerosol,165mL,N/A,$8.00,$4.85 per 100mL,https://foodlandbalaklava.com.au//lines/lynx-deod-anrchy-for-him-165ml
Foodland Balaklava,2025-05-04 23:58:22,Lynx Deodorant Body Spray 100% Fresh Fragrance & 48hr Odour Protection Black Night Aerosol,165mL,N/A,$8.00,$4.85 per 100mL,https://foodlandbalaklava.com.au//lines/lynx-deod-black-night-165ml
Foodland Balaklava,2025-05-04 23:58:22,Lynx Deodorant Body Spray 100% Fresh Fragrance & 48hr Odour Protection Collision Leather & Cookies Aerosol,165mL,N/A,$8.00,$4.85 per 100mL,https://foodlandbalaklava.com.au//lines/lynx-deod-coll-leat-ckie-165ml
Foodland Balaklava,2025-05-04 23:58:22,Lynx Deodorant Body Spray Australia,165mL,N/A,$8.00,$4.85 per 100mL,https://foodlandbalaklava.com.au//lines/lynx-deod-bdy-spry-aust-165ml
Foodland Balaklava,2025-05-04 23:58:22,Lynx Fine Fragrance Collection Deodorant Body Spray 72hr Fresh Aqua Bergamot,150mL,was $10.50,$9.10,$6.07 per 100mL,https://foodlandbalaklava.com.au//lines/lynx-a-p-deod-aqua-berg-150ml
Foodland Balaklava,2025-05-04 23:58:22,Lynx Fine Fragrance Collection Deodorant Body Spray 72hr Fresh Black Vanilla,150mL,was $10.50,$9.10,$6.07 per 100mL,https://foodlandbalaklava.com.au//lines/lynx-a-p-deod-black-van-150ml
Foodland Balaklava,2025-05-04 23:58:22,Lynx Fine Fragrance Collection Deodorant Body Spray 72hr Fresh Blue Lavender,150mL,was $10.50,$9.10,$6.07 per 100mL,https://foodlandbalaklava.com.au//lines/lynx-a-p-deod-blue-lav-150ml
Foodland Balaklava,2025-05-04 23:58:22,Lynx Fine Fragrance Collection Deodorant Body Spray 72hr Fresh Emerald Sage,150mL,was $10.50,$9.10,$6.07 per 100mL,https://foodlandbalaklava.com.au//lines/lynx-a-p-deod-emerld-sage150ml
Foodland Balaklava,2025-05-04 23:58:22,L’​Oré​al Paris Elnett Satin Supreme Hold Hairspray,400mL,N/A,$15.75,$3.94 per 100mL,https://foodlandbalaklava.com.au//lines/elnett-h-spry-ultra-str-400ml
Foodland Balaklava,2025-05-04 23:58:22,L’​Oré​al Paris Elnett Satin Supreme Hold Hairspray,75mL,N/A,$7.90,$10.53 per 100mL,https://foodlandbalaklava.com.au//lines/elnett-h-spry-ultra-str-75ml
Foodland Balaklava,2025-05-04 23:58:22,"L’​Oré​al Paris Elvive Anti-Brassiness Purple Shampoo For Highlighted, Blonde And Grey Hair",200mL,N/A,$11.55,$5.78 per 100mL,https://foodlandbalaklava.com.au//lines/elvive-s-poo-col-pro-pur-200ml
Foodland Balaklava,2025-05-04 23:58:22,L’​Oré​al Paris Elvive Purple Conditioner For Coloured Hair,150mL,N/A,$11.55,$7.70 per 100mL,https://foodlandbalaklava.com.au//lines/elvive-cond-col-prot-pur-150ml
Foodland Balaklava,2025-05-04 23:58:22,L’​Oré​al Paris Men Expert Hydra Energetic Wake-Up Effect Wash,100mL,N/A,$12.60,$12.60 per 100mL,https://foodlandbalaklava.com.au//lines/lor-men-hyd-energ-fce-wsh100ml
Foodland Balaklava,2025-05-04 23:58:22,M Fresh App/​Guava Juice400m,N/A,was $3.60,$2.75,$6.88 per L,https://foodlandbalaklava.com.au//lines/m-fresh-app-guava-juice400m
Foodland Balaklava,2025-05-04 23:58:22,M Fresh App/​Passionfruit Juice400m,N/A,was $3.60,$2.75,$6.88 per L,https://foodlandbalaklava.com.au//lines/m-fresh-app-passionfruit-juice400m
Foodland Balaklava,2025-05-04 23:58:22,M Fresh Apple Juice,400mL,N/A,$3.60,$0.90 per 100mL,https://foodlandbalaklava.com.au//lines/mountain-fsh-apple-juice
Foodland Balaklava,2025-05-04 23:58:22,M&​M’​S Brownie Milk Chocolate Snack & Share Bag,130g,was $7.35,$5.40,$4.15 per 100g,https://foodlandbalaklava.com.au//lines/m-m-s-brownie-130gm
Foodland Balaklava,2025-05-04 23:58:22,M&​M’​S Crispy Milk Chocolate Snack & Share Bag,335g,N/A,$7.00,$2.09 per 100g,https://foodlandbalaklava.com.au//lines/m-ms-crispy-335gm
Foodland Balaklava,2025-05-04 23:58:22,M&​M’​S Milk Chocolate Snack & Share Party Bag,680g,N/A,$11.50,$1.69 per 100g,https://foodlandbalaklava.com.au//lines/m-ms-milk-choc-680g
Foodland Balaklava,2025-05-04 23:58:22,M&​M’​S Milk Chocolate Snack & Share Party Bucket,640g,N/A,$19.95,$3.12 per 100g,https://foodlandbalaklava.com.au//lines/m-ms-pln-mlk-choc-bucket-640gm
Foodland Balaklava,2025-05-04 23:58:22,M/​Beer Bone Broth Beef,500mL,N/A,$8.95,$1.79 per 100mL,https://foodlandbalaklava.com.au//lines/maggie-beer-broth-beef-bn500ml
Foodland Balaklava,2025-05-04 23:58:22,M/​Beer Chse Ched Crml On,150g,N/A,$7.55,$50.33 per kg,https://foodlandbalaklava.com.au//lines/m-beer-chse-ched-crml-on-150gm
Foodland Balaklava,2025-05-04 23:58:22,M/​Beer Chse Ched Smoked,150g,N/A,$7.55,$50.33 per kg,https://foodlandbalaklava.com.au//lines/m-beer-chse-ched-smoked-150gm
Foodland Balaklava,2025-05-04 23:58:22,M/​Beer Pste Plum,100g,was $6.60,$5.85,$5.85 per 100g,https://foodlandbalaklava.com.au//lines/m-beer-pste-plum-100gm
Foodland Balaklava,2025-05-04 23:58:22,M/​Choice Onion Rings,500g,N/A,$6.20,$12.40 per kg,https://foodlandbalaklava.com.au//lines/m-choice-onion-rings-500gm
Foodland Balaklava,2025-05-04 23:58:22,M/​Choice Swt Pot Fries,500g,N/A,$6.80,$13.60 per kg,https://foodlandbalaklava.com.au//lines/m-choice-swt-pot-fries-500gm
Foodland Balaklava,2025-05-04 23:58:22,M/​Crop Seaweed Pl/​Food Conc,250m,N/A,$5.00,$20.00 per L,https://foodlandbalaklava.com.au//lines/m-crop-seaweed-pl-food-conc-250m
Foodland Balaklava,2025-05-04 23:58:22,M/​LAND OTG CHS DTE&​APR,38g,was $3.15,$2.80,$73.68 per kg,https://foodlandbalaklava.com.au//lines/m-land-otg-chs-date-apr-38gm
Foodland Balaklava,2025-05-04 23:58:22,M/​LAND OTG RLSH BAL BEET,110g,was $5.80,$5.00,$45.45 per kg,https://foodlandbalaklava.com.au//lines/m-land-otg-rlsh-bal-b-rt-110gm
Foodland Balaklava,2025-05-04 23:58:22,M/​Mac Instant Batter,150g,N/A,$2.65,$1.77 per 100g,https://foodlandbalaklava.com.au//lines/m-mac-instant-batter-150gm
Foodland Balaklava,2025-05-04 23:58:22,M/​Mai Beef Stew,550g,N/A,$13.50,$2.45 per 100g,https://foodlandbalaklava.com.au//lines/m-mai-beef-stew-550g
Foodland Balaklava,2025-05-04 23:58:22,M/​Mike Plnt Base Protein Choc/​Carml,520g,N/A,$45.99,$88.44 per kg,https://foodlandbalaklava.com.au//lines/m-mike-plnt-base-protein-choc-carml-520g
Foodland Balaklava,2025-05-04 23:58:22,M/​Time Fizz Pop Sour P/​Corn,110g,N/A,$4.50,$4.09 per 100g,https://foodlandbalaklava.com.au//lines/m-time-fizz-pop-sour-p-corn-110g
Foodland Balaklava,2025-05-04 23:58:22,M80404 Rio Mens Hipster Brief 3pk,N/A,N/A,$14.18,N/A,https://foodlandbalaklava.com.au//lines/rio-brf-men-hipster-85-90-3pk
Foodland Balaklava,2025-05-04 23:58:22,Ma Mellow Ma Baker Baking Mallows Pink & White,150g,N/A,$3.15,$2.10 per 100g,https://foodlandbalaklava.com.au//lines/ma-baker-mallow-pink-wht-150gm
Foodland Balaklava,2025-05-04 23:58:23,Macadamia Aus Clustr Mlk,110g,N/A,$10.50,$95.45 per kg,https://foodlandbalaklava.com.au//lines/macadamia-aus-clustr-mlk-110g
Foodland Balaklava,2025-05-04 23:58:23,Macadamia Aus Hny Rstd,110g,N/A,$10.50,$95.45 per kg,https://foodlandbalaklava.com.au//lines/macadamia-aus-hny-rstd-110g
Foodland Balaklava,2025-05-04 23:58:23,Macadamias Australia Honey Roasted Macadamias,30g,N/A,$4.20,$140.00 per kg,https://foodlandbalaklava.com.au//lines/macadamia-aus-hny-rst-30g
Foodland Balaklava,2025-05-04 23:58:23,Mackenzies Bi Carb Soda,250g,N/A,$1.66,$0.66 per 100g,https://foodlandbalaklava.com.au//lines/mcken-carb-soda-250gm
Foodland Balaklava,2025-05-04 23:58:23,Mackenzies Citric Acid,75g,N/A,$3.15,$4.20 per 100g,https://foodlandbalaklava.com.au//lines/mcken-citric-acid-75gm
Foodland Balaklava,2025-05-04 23:58:23,Mackenzies Cream Of Tartar,125g,N/A,$4.20,$3.36 per 100g,https://foodlandbalaklava.com.au//lines/mcken-cream-of-tartar-125gm
Foodland Balaklava,2025-05-04 23:58:23,Mackenzie’​S Almond Flour,300g,N/A,$10.50,$35.00 per kg,https://foodlandbalaklava.com.au//lines/mcken-flour-almond-300gm-1
Foodland Balaklava,2025-05-04 23:58:23,Mackenzie’​S Resealable Corn Flour,330g,N/A,$4.40,$13.33 per kg,https://foodlandbalaklava.com.au//lines/mckenzie-cornflour-reseal-330g
Foodland Balaklava,2025-05-04 23:58:23,Macleans Extreme Clean Lasting Fresh Fluoride Toothpaste,170g,was $5.80,$4.95,$2.91 per 100g,https://foodlandbalaklava.com.au//lines/macleans-t-paste-extre-170gm
Foodland Balaklava,2025-05-04 23:58:23,Macleans Extreme Clean Whitening Fluoride Toothpaste,170g,was $5.80,$4.95,$2.91 per 100g,https://foodlandbalaklava.com.au//lines/maclean-t-pste-extrm-wht-170gm
Foodland Balaklava,2025-05-04 23:58:23,Macro Meats Gourmet Game 98% Fat Free Kangaroo Mince,1kg,N/A,$14.60,$14.60 per kg,https://foodlandbalaklava.com.au//lines/kangaroo-mince-1kg
Foodland Balaklava,2025-05-04 23:58:23,Macro Meats Pet Mince Roo,2kg,N/A,$14.20,$0.71 per 100g,https://foodlandbalaklava.com.au//lines/pets-mince-fresh-kangaroo-2kg
Foodland Balaklava,2025-05-04 23:58:23,Mad Foodies Bf Bourginon,300g,N/A,$11.15,$3.72 per 100g,https://foodlandbalaklava.com.au//lines/mad-foodies-bf-bourginon-300gm
Foodland Balaklava,2025-05-04 23:58:23,Madura Camomile Tea Bags,N/A,N/A,$4.80,$9.60 per 100g,https://foodlandbalaklava.com.au//lines/madura-chamomile-t-bags-20s-1
Foodland Balaklava,2025-05-04 23:58:23,Madura English Breakfast 50 Tea Bags,100g,N/A,$6.20,$6.20 per 100g,https://foodlandbalaklava.com.au//lines/madura-t-bag-eng-b-fast-50s-1
Foodland Balaklava,2025-05-04 23:58:23,Madura English Breakfast Leaf Tea,200g,N/A,$8.95,$4.48 per 100g,https://foodlandbalaklava.com.au//lines/madura-eng-bfast-tea-leaf-200g
Foodland Balaklava,2025-05-04 23:58:23,Madura Green Tea 50 Tea Bags,75g,N/A,$7.50,$7.50 per 100g,https://foodlandbalaklava.com.au//lines/madura-grn-tea-t-bag-50s-1
Foodland Balaklava,2025-05-04 23:58:23,Madura T/​Bag Premium 50s,N/A,N/A,$7.50,$7.50 per 100g,https://foodlandbalaklava.com.au//lines/madura-t-bag-premium-50s-1
Foodland Balaklava,2025-05-04 23:58:23,Madura Tea Bags Green,30g,N/A,$4.80,$9.60 per 100g,https://foodlandbalaklava.com.au//lines/madura-green-tea-t-bags-20s-1
Foodland Balaklava,2025-05-04 23:58:23,Mae Ploy Drs Thai Salad #​280ml,N/A,N/A,$2.95,$1.05 per 100mL,https://foodlandbalaklava.com.au//lines/mae-ploy-drs-thai-salad-280ml
Foodland Balaklava,2025-05-04 23:58:23,Mae Ploy Sweet Chilli Sauce,730mL,N/A,$5.45,$0.75 per 100mL,https://foodlandbalaklava.com.au//lines/mae-ploy-sce-swt-chilli-730ml-1
Foodland Balaklava,2025-05-04 23:58:23,Magazine Healthy Food Guide,N/A,N/A,$7.99,N/A,https://foodlandbalaklava.com.au//lines/healthy-food-guide-1
Foodland Balaklava,2025-05-04 23:58:23,Magazine Homes & Gardens,N/A,N/A,$8.99,N/A,https://foodlandbalaklava.com.au//lines/better-homes-garden-magazine-5
Foodland Balaklava,2025-05-04 23:58:23,Magazine Who,N/A,N/A,$6.99,N/A,https://foodlandbalaklava.com.au//lines/who-weekly-magazine-1
Foodland Balaklava,2025-05-04 23:58:23,Maggi 2-Minute Noodles Noodles Spicy Chicken Multipack,76g,was $5.00,$4.10,$1.08 per 100g,https://foodlandbalaklava.com.au//lines/maggi-2-min-nld-spc-chk-5x76gm
Foodland Balaklava,2025-05-04 23:58:23,Maggi Beef Flavour Noodle Cup,58g,was $2.65,$2.45,$4.22 per 100g,https://foodlandbalaklava.com.au//lines/maggi-cup-ndl-beef-58gm
Foodland Balaklava,2025-05-04 23:58:23,Maggi Bowl Meals Mexican Style Burrito Bowl,150g,was $3.80,$3.10,$2.07 per 100g,https://foodlandbalaklava.com.au//lines/maggi-cul-burrito-bowl-150gm
Foodland Balaklava,2025-05-04 23:58:23,Maggi Bowl Meals Smoky BBQ Bowl,150g,was $3.80,$3.10,$2.07 per 100g,https://foodlandbalaklava.com.au//lines/maggi-cul-smky-bbq-bwl-150g
Foodland Balaklava,2025-05-04 23:58:23,Maggi Brown Onion Gravy Mix Serves 4,31g,was $1.30,$1.00,$0.32 per 10g,https://foodlandbalaklava.com.au//lines/maggi-inst-grvy-brn-onion-31gm
Foodland Balaklava,2025-05-04 23:58:23,Maggi Crispy Japanese Style Seasoned Coating,45g,N/A,$2.65,$5.89 per 100mL,https://foodlandbalaklava.com.au//lines/maggi-a-fryer-jap-style-45gm
Foodland Balaklava,2025-05-04 23:58:23,Maggi Crunchy Southern Style Seasoned Coating,40g,N/A,$2.65,$6.62 per 100mL,https://foodlandbalaklava.com.au//lines/maggi-a-fryer-sthrn-style-40gm
Foodland Balaklava,2025-05-04 23:58:23,Maggi Dry Recipe Base:​Lamb Ragout:​.:​37 Gram,37g,was $1.95,$1.70,$4.59 per 100g,https://foodlandbalaklava.com.au//lines/maggi-cul-lamb-ragout-hsr-37gm
Foodland Balaklava,2025-05-04 23:58:23,Maggi Dry Recipe Bases Your Meal Your Way Mexican Nachos,41g,was $1.95,$1.70,$4.15 per 100g,https://foodlandbalaklava.com.au//lines/maggi-cul-mexicn-nachos-gf41gm
Foodland Balaklava,2025-05-04 23:58:23,Maggi Gravy Chicken,2kg,N/A,$35.00,N/A,https://foodlandbalaklava.com.au//lines/maggi-g-f-chicken-gravy-mix-2kg
Foodland Balaklava,2025-05-04 23:58:23,Maggi Gravy Culinary Roast Chicken Gravy,24g,was $1.30,$1.00,$0.42 per 10g,https://foodlandbalaklava.com.au//lines/maggi-inst-grvy-rst-chic-24gm
Foodland Balaklava,2025-05-04 23:58:23,Maggi Noodles 2-Minn Beef,4 x 58g,N/A,$6.30,$2.72 per 100g,https://foodlandbalaklava.com.au//lines/maggi-2-min-ndl-mug-beef4x58gm
Foodland Balaklava,2025-05-04 23:58:23,Maggi Oriental Flavour Noodle Cup,60g,was $2.65,$2.45,$4.08 per 100g,https://foodlandbalaklava.com.au//lines/maggi-cup-ndl-oriental-60gm
Foodland Balaklava,2025-05-04 23:58:23,Maggi Recipe Base - Dry Recipe Base Beef Goulash Natural,35g,was $1.95,$1.70,$5.15 per 100g,https://foodlandbalaklava.com.au//lines/maggi-cul-beef-goulash-hsr33gm
Foodland Balaklava,2025-05-04 23:58:23,Maggi Recipe Base - Dry Recipe Base Gluten Free Chicken Chasseur Natural,35g,was $1.95,$1.70,$4.86 per 100g,https://foodlandbalaklava.com.au//lines/maggi-cul-chkn-chasseur-gf35gm
Foodland Balaklava,2025-05-04 23:58:23,Maggi Recipe Base - Dry Recipe Base Side Dishes Cheese Bacon Herb Spices Natural,21g,was $1.95,$1.70,$8.10 per 100g,https://foodlandbalaklava.com.au//lines/maggi-cul-chs-bacon-pot-bak21g
Foodland Balaklava,2025-05-04 23:58:23,Maggi Recipe Base - Dry Recipe Base Side Dishes Cheese Garlic Potato Herb Spices Natural,24g,was $1.95,$1.70,$0.71 per 10g,https://foodlandbalaklava.com.au//lines/maggi-cul-crmy-chse-garlic24g
Foodland Balaklava,2025-05-04 23:58:23,Maggi Roast Meat Gravy Mix Serves 4,27g,was $1.30,$1.00,$0.37 per 10g,https://foodlandbalaklava.com.au//lines/maggi-inst-grvy-rst-meat-27gm
Foodland Balaklava,2025-05-04 23:58:23,Maggi Slow Cook Sauce:​Chicken Casserole:​.:​35 Gram,35g,was $1.95,$1.70,$4.86 per 100g,https://foodlandbalaklava.com.au//lines/maggi-cul-chkn-casserole-35gm
Foodland Balaklava,2025-05-04 23:58:23,Maggi Slow Cooker Juicy Lamb Shanks Serves 4,N/A,was $1.95,$1.70,$4.25 per 100g,https://foodlandbalaklava.com.au//lines/maggi-r-bse-lamb-shank-40gm
Foodland Balaklava,2025-05-04 23:58:23,Maggi Your Meal Your Way Chilli Con Carne Recipe Base Serves 4,41g,was $1.95,$1.70,$4.15 per 100g,https://foodlandbalaklava.com.au//lines/maggi-cul-chili-con-crn-gf41gm
Foodland Balaklava,2025-05-04 23:58:23,Maggi Your Meal Your Way Cottage Pie Recipe Base Serves 4,37g,was $1.95,$1.70,$4.59 per 100g,https://foodlandbalaklava.com.au//lines/maggi-mince-cot-pie-gf-37gm
Foodland Balaklava,2025-05-04 23:58:23,Maggie Beer Blue Wedge,100g,N/A,$10.50,$105.00 per kg,https://foodlandbalaklava.com.au//lines/m-beer-chs-blu-wedge-100gm
Foodland Balaklava,2025-05-04 23:58:23,Maggie Beer Cracked Peppercorn Club Cheddar,150g,N/A,$7.55,$50.33 per kg,https://foodlandbalaklava.com.au//lines/m-beer-chse-ched-peprcrn-150gm
Foodland Balaklava,2025-05-04 23:58:24,Maggie Beer Favourites Platter Pack,600g,N/A,$27.30,$4.55 per 100g,https://foodlandbalaklava.com.au//lines/maggie-beer-favourites-600g
Foodland Balaklava,2025-05-04 23:58:24,Maggie Beer Kalamata Olives,185g,N/A,$7.15,$38.65 per kg,https://foodlandbalaklava.com.au//lines/m-beer-olives-kalamata-185g
Foodland Balaklava,2025-05-04 23:58:24,Maggie Beer Paste Quince,100g,was $6.60,$5.85,$5.85 per 100g,https://foodlandbalaklava.com.au//lines/maggie-beer-quince-paste-100g
Foodland Balaklava,2025-05-04 23:58:24,Maggie Beer Vintage Club Cheddar Cheese,150g,N/A,$7.55,$50.33 per kg,https://foodlandbalaklava.com.au//lines/m-beer-chse-ched-vint-150gm
Foodland Balaklava,2025-05-04 23:58:24,Maggies Beer Pheasant Farm Paté,110g,was $7.65,$6.95,$63.18 per kg,https://foodlandbalaklava.com.au//lines/m-beer-pate-pheasant-farm110gm
Foodland Balaklava,2025-05-04 23:58:24,Magic Super Glue Pen,2mL,N/A,$3.78,N/A,https://foodlandbalaklava.com.au//lines/magic-super-glue-pen-2ml
Foodland Balaklava,2025-05-04 23:58:24,Magic Superglue Tube 3ml,N/A,N/A,$2.42,N/A,https://foodlandbalaklava.com.au//lines/magic-superglue-tube-3ml
Foodland Balaklava,2025-05-04 23:58:24,Magic Trees Air Freshner,15g,N/A,$2.90,$19.33 per 100g,https://foodlandbalaklava.com.au//lines/magic-trees-air-freshnr-15gm-2
Foodland Balaklava,2025-05-04 23:58:24,Magnum Dairy Free Frozen Dessert Sticks Velvety Smooth Almond Treat Covered In Chocolate With Crunchy Almond Pieces,270mL,N/A,$10.50,$3.89 per 100mL,https://foodlandbalaklava.com.au//lines/str-m-p-magnum-d-f-alm-3s
Foodland Balaklava,2025-05-04 23:58:24,Magnum Dairy Free Frozen Dessert Sticks Velvety Smooth Classic Vegan Vanilla Coated With Chocolate Coverture,270mL,N/A,$10.50,$3.89 per 100mL,https://foodlandbalaklava.com.au//lines/str-m-p-magnum-d-free-class-3s
Foodland Balaklava,2025-05-04 23:58:24,Magnum Frozen Dessert Cookie Crunch Mp4,360mL,was $12.00,$6.00,$1.67 per 100mL,https://foodlandbalaklava.com.au//lines/str-m-p-magnum-cki-crnch-4s
Foodland Balaklava,2025-05-04 23:58:24,Magnum Ice Cream Berry & White Chocolate Remix Mp4,360mL,was $12.00,$6.00,$1.67 per 100mL,https://foodlandbalaklava.com.au//lines/str-m-p-magnum-bry-wht-choc-4s
Foodland Balaklava,2025-05-04 23:58:24,Magnum Ice Cream Mini White Mp6,360mL,was $12.00,$6.00,$1.67 per 100mL,https://foodlandbalaklava.com.au//lines/str-m-p-magnum-mini-whte-6s
Foodland Balaklava,2025-05-04 23:58:24,Magnum Ice Cream Sticks Honeycomb Flavoured Ice Cream Honeycomb Crunch Coated In Magnum Milk Chocolate And Honeycomb Pieces,428mL,was $12.00,$6.00,$1.40 per 100mL,https://foodlandbalaklava.com.au//lines/str-m-p-magnum-hnycmb-4s-428ml
Foodland Balaklava,2025-05-04 23:58:24,Magnum Ice Cream Sticks Smooth Vanilla Custard Flavour With A Passionfruit Swirl Passionfruit White Chocolate Ice Cream Covered In White Chocolate Wit,N/A,was $12.00,$6.00,$1.67 per 100mL,https://foodlandbalaklava.com.au//lines/str-m-p-magnum-pfrt-wchoc-4s
Foodland Balaklava,2025-05-04 23:58:24,Magnum Ice Cream Sticks Velvety Smooth Peppermint Ice Cream Covered In Thick Cracking Magnum Chocolate,428mL,was $12.00,$6.00,$1.41 per 100mL,https://foodlandbalaklava.com.au//lines/str-m-p-magnum-p-mint-4s-428ml
Foodland Balaklava,2025-05-04 23:58:24,Magnum Mini Ice Cream Sticks Caramel Flavoured Ice Cream Dulce De Leche Coated In Magnum Milk Chocolate And Cookie Pieces,360mL,was $12.00,$6.00,$1.67 per 100mL,https://foodlandbalaklava.com.au//lines/str-m-p-magnum-mini-dul-lech6s
Foodland Balaklava,2025-05-04 23:58:24,Magnum Mini Ice Cream Sticks Velvety Smooth Almond Vanilla Ice Cream Covered In Thick Cracking Magnum Milk Chocolate And Crunchy Australian Almond Pie,N/A,was $12.00,$6.00,$1.67 per 100mL,https://foodlandbalaklava.com.au//lines/str-m-p-magnum-mini-almnd-6s
Foodland Balaklava,2025-05-04 23:58:24,Maille Dijon Mustard,215g,was $6.15,$5.65,$0.26 per 10g,https://foodlandbalaklava.com.au//lines/maile-dijon-mstrd-trad215g-1
Foodland Balaklava,2025-05-04 23:58:24,Maille Hollandaise Sauce,185g,N/A,$7.00,$3.78 per 100mL,https://foodlandbalaklava.com.au//lines/maille-hollandaise-185ml
Foodland Balaklava,2025-05-04 23:58:24,Maille Wholegrain Mustard,210g,was $6.15,$5.65,$0.26 per 10g,https://foodlandbalaklava.com.au//lines/maile-whlgrn-mstrd-210g
Foodland Balaklava,2025-05-04 23:58:24,Mainland Buttersoft Reduced Salt Butter,375g,was $10.00,$7.50,$2.00 per 100g,https://foodlandbalaklava.com.au//lines/m-land-buttersoft-l-salt-375gm
Foodland Balaklava,2025-05-04 23:58:24,Mainland Buttersoft Salted,250g,was $7.35,$5.15,$2.06 per 100g,https://foodlandbalaklava.com.au//lines/m-land-btrsft-250gm
Foodland Balaklava,2025-05-04 23:58:24,Mainland Cheese & Crackers Colby Cheese With Water Crackers,50g,was $3.15,$2.80,$56.00 per kg,https://foodlandbalaklava.com.au//lines/m-land-chse-onthego-colby-50gm
Foodland Balaklava,2025-05-04 23:58:24,Mainland Cheese & Crackers Edam Cheese With Water Crackers,50g,was $3.15,$2.80,$56.00 per kg,https://foodlandbalaklava.com.au//lines/m-land-chse-onthego-edam-50gm
Foodland Balaklava,2025-05-04 23:58:24,Mainland Cheese & Crackers Extra Tasty Cheddar With Water Crackers,50g,was $3.15,$2.80,$56.00 per kg,https://foodlandbalaklava.com.au//lines/m-land-chse-onthego-sp-res50gm
Foodland Balaklava,2025-05-04 23:58:24,Mainland Cheese & Crackers Tasty Cheddar With Water Crackers,50g,was $3.15,$2.80,$56.00 per kg,https://foodlandbalaklava.com.au//lines/m-land-chse-onthego-tasty-50gm
Foodland Balaklava,2025-05-04 23:58:24,Mainland Cheese On The Go Lunch Caramelised Onion,110g,was $5.80,$5.00,$45.45 per kg,https://foodlandbalaklava.com.au//lines/m-land-otg-chs-car-onion-110gm
Foodland Balaklava,2025-05-04 23:58:24,Mainland Colby Cheese Block,250g,N/A,$7.35,$29.40 per kg,https://foodlandbalaklava.com.au//lines/m-land-chse-colby-250gm
Foodland Balaklava,2025-05-04 23:58:24,Mainland Colby Natural Cheese Slices,210g,N/A,$6.00,$28.57 per kg,https://foodlandbalaklava.com.au//lines/m-land-chse-colby-slces-210gm
Foodland Balaklava,2025-05-04 23:58:24,Mainland Extra Tasty Aged Cheddar Cheese Block,250g,N/A,$7.35,$29.40 per kg,https://foodlandbalaklava.com.au//lines/m-land-chse-extra-tasty-250gm
Foodland Balaklava,2025-05-04 23:58:24,Mainland Extra Tasty Aged Cheddar Cheese Block,500g,was $11.55,$8.00,$16.00 per kg,https://foodlandbalaklava.com.au//lines/m-land-chse-extra-tasty-500gm
Foodland Balaklava,2025-05-04 23:58:24,Mainland Extra Tasty Aged Cheddar Natural Cheese Slices,210g,N/A,$6.00,$28.57 per kg,https://foodlandbalaklava.com.au//lines/m-land-chse-x-tst-nat-slc210gm
Foodland Balaklava,2025-05-04 23:58:24,Mainland Extra Tasty Cracker Cuts,120g,was $6.30,$4.95,$41.25 per kg,https://foodlandbalaklava.com.au//lines/m-land-chse-crk-cut-x-tst120gm
Foodland Balaklava,2025-05-04 23:58:24,Mainland Lunch On The Go Cheese & Wheat Crackers Chilli Jam,110g,was $5.80,$5.00,$45.45 per kg,https://foodlandbalaklava.com.au//lines/m-land-otg-chs-chili-jam-110gm
Foodland Balaklava,2025-05-04 23:58:24,Mainland Mozzarella Grated Cheese,200g,N/A,$5.80,$29.00 per kg,https://foodlandbalaklava.com.au//lines/m-land-chse-mozz-grated-200gm
Foodland Balaklava,2025-05-04 23:58:24,Mainland Pure New Zealand Salted Butter,125g,was $4.20,$3.60,$2.88 per 100g,https://foodlandbalaklava.com.au//lines/m-land-btr-pure-salted-125gm
Foodland Balaklava,2025-05-04 23:58:24,Mainland Tasty Aged Cheddar Cheese Block,250g,N/A,$7.35,$29.40 per kg,https://foodlandbalaklava.com.au//lines/m-land-tasty-block-250gm
Foodland Balaklava,2025-05-04 23:58:24,Mainland Tasty Aged Cheddar Natural Cheese Slices,210g,N/A,$6.00,$28.57 per kg,https://foodlandbalaklava.com.au//lines/m-land-chse-tasty-slices-210gm
Foodland Balaklava,2025-05-04 23:58:24,Mainland Vintage Aged Cheddar Cheese Block,200g,N/A,$7.35,$36.75 per kg,https://foodlandbalaklava.com.au//lines/m-land-chse-vintage-200gm
Foodland Balaklava,2025-05-04 23:58:24,Mainland Vintage Aged Cheddar Cheese Block,400g,was $11.55,$9.80,$24.50 per kg,https://foodlandbalaklava.com.au//lines/m-land-chse-vintage-400gm
Foodland Balaklava,2025-05-04 23:58:24,Majan's Bhuja Snacks - Beer Mix,160g,was $4.75,$4.35,$27.19 per kg,https://foodlandbalaklava.com.au//lines/majans-bhuja-beer-mix-160gm
Foodland Balaklava,2025-05-04 23:58:24,Majans Bhuja Ancient Grain Twists,140g,was $4.75,$4.35,$31.07 per kg,https://foodlandbalaklava.com.au//lines/majans-bhuja-grain-twists140gm
Foodland Balaklava,2025-05-04 23:58:24,Majans Bhuja Cracker Mix,150g,was $4.75,$4.35,$29.00 per kg,https://foodlandbalaklava.com.au//lines/majans-bhuja-crker-mix-150gm
Foodland Balaklava,2025-05-04 23:58:24,Majans Bhuja Crunchy Seasoned Peas,140g,was $4.75,$4.35,$31.07 per kg,https://foodlandbalaklava.com.au//lines/majans-buhjia-seas-peas-140gm
Foodland Balaklava,2025-05-04 23:58:24,Majans Bhuja Nut Mix,140g,was $4.75,$4.35,$31.07 per kg,https://foodlandbalaklava.com.au//lines/majans-bhuja-nut-mix-140gm
Foodland Balaklava,2025-05-04 23:58:24,Majans Prawn Crackers,90g,N/A,$4.50,$5.00 per 100g,https://foodlandbalaklava.com.au//lines/majans-infuz-prwn-bbq-rib-90gm
Foodland Balaklava,2025-05-04 23:58:24,Majan’​S Bhuja Mix,150g,was $4.75,$4.35,$29.00 per kg,https://foodlandbalaklava.com.au//lines/majans-bhuja-mix-original150gm
Foodland Balaklava,2025-05-04 23:58:26,Malarkey Kids Aqua Blue Teething Mitten,N/A,N/A,$20.00,N/A,https://foodlandbalaklava.com.au//lines/munch-teeth-mitt-3-12mblue-1pk
Foodland Balaklava,2025-05-04 23:58:26,Male Birthday Card,N/A,N/A,$4.99,N/A,https://foodlandbalaklava.com.au//lines/card-male-bday-book-hat-4-99
Foodland Balaklava,2025-05-04 23:58:26,Mallow Pops Looney Tunes 12-45g,N/A,N/A,$3.30,N/A,https://foodlandbalaklava.com.au//lines/mallow-pops-looney-tunes-12-45g
Foodland Balaklava,2025-05-04 23:58:26,Mallow Pops Tom & Jerry 12-45g,N/A,N/A,$3.30,N/A,https://foodlandbalaklava.com.au//lines/mallow-pops-tom-jerry-12-45g
Foodland Balaklava,2025-05-04 23:58:26,Malteser Biscuits,110g,N/A,$5.60,$5.09 per 100g,https://foodlandbalaklava.com.au//lines/tmg-malteser-biscuit-110g
Foodland Balaklava,2025-05-04 23:58:26,Maltesers Dark Chocolate Snack & Share Bag,135g,was $7.35,$5.40,$4.00 per 100g,https://foodlandbalaklava.com.au//lines/maltesers-dark-choc-135gm
Foodland Balaklava,2025-05-04 23:58:26,Maltesers Extra Choc Snack & Share Bag,120g,was $7.35,$5.40,$4.50 per 100g,https://foodlandbalaklava.com.au//lines/mars-maltesers-xtra-choc-120gm
Foodland Balaklava,2025-05-04 23:58:26,Maltesers Gold Choc Snack & Share Bag,130g,was $7.35,$5.40,$4.15 per 100g,https://foodlandbalaklava.com.au//lines/maltesers-gold-130gm
Foodland Balaklava,2025-05-04 23:58:26,Maltesers Honeycomb Flavoured Milk Chocolate Medium Share Bag,125g,was $7.35,$5.40,$4.32 per 100g,https://foodlandbalaklava.com.au//lines/maltesers-hnycmb-med-125g
Foodland Balaklava,2025-05-04 23:58:26,Maltesers Milk Chocolate Gift Box,400g,N/A,$15.50,$3.88 per 100g,https://foodlandbalaklava.com.au//lines/mars-maltesers-giftbox-400gm
Foodland Balaklava,2025-05-04 23:58:26,Maltesers Milk Chocolate Party Share Bucket,465g,N/A,$19.95,$4.29 per 100g,https://foodlandbalaklava.com.au//lines/maltesers-bucket-465gm
Foodland Balaklava,2025-05-04 23:58:26,Maltesers Raspberry Milk Chocolate Snack & Share Bag,120g,was $7.35,$5.40,$4.50 per 100g,https://foodlandbalaklava.com.au//lines/maltesers-raspberry-120g
Foodland Balaklava,2025-05-04 23:58:26,Manicare Dermasmooth Fuzz Remover 2 Pack,N/A,was $11.13,$7.40,N/A,https://foodlandbalaklava.com.au//lines/manicare-derma-fuzz-remvr-2pk
Foodland Balaklava,2025-05-04 23:58:26,Manicare Eyelash Curler,N/A,was $15.54,$9.25,N/A,https://foodlandbalaklava.com.au//lines/manicare-eyelash-curler-1pk
Foodland Balaklava,2025-05-04 23:58:26,"Manicare Nail Shapers, Coarse/​Medium, 175mm Pk 2",N/A,N/A,$8.19,N/A,https://foodlandbalaklava.com.au//lines/manicare-nail-shaper-175mm-2pk
Foodland Balaklava,2025-05-04 23:58:26,"Manicare Precision Tweezers, Pink",N/A,N/A,$14.20,N/A,https://foodlandbalaklava.com.au//lines/manicare-tweezer-precision-pnk
Foodland Balaklava,2025-05-04 23:58:26,"Manicare Toenail Clippers, With Nail File",N/A,N/A,$7.90,N/A,https://foodlandbalaklava.com.au//lines/manicare-toenail-clippers-file
Foodland Balaklava,2025-05-04 23:58:26,Maped Sharpener Shaker 1 Hole 1pk,N/A,N/A,$2.95,N/A,https://foodlandbalaklava.com.au//lines/maped-sharpener-shaker-1-hole
Foodland Balaklava,2025-05-04 23:58:26,Maped Shrpner Croc 2 Hole,N/A,N/A,$6.40,N/A,https://foodlandbalaklava.com.au//lines/maped-shrpner-croc-2-hole
Foodland Balaklava,2025-05-04 23:58:26,Marathon Dim Sims 10 Pieces,500g,N/A,$7.50,$1.50 per 100g,https://foodlandbalaklava.com.au//lines/marathon-dim-sims-10s-500gm
Foodland Balaklava,2025-05-04 23:58:26,Marbig 2 Hole Punch Student,N/A,N/A,$10.60,N/A,https://foodlandbalaklava.com.au//lines/marbig-2-hole-punch-student
Foodland Balaklava,2025-05-04 23:58:26,Marbig 2 Ring A4 Binder,N/A,N/A,$7.30,N/A,https://foodlandbalaklava.com.au//lines/marbig-binder-2ring-a4-astd-1
Foodland Balaklava,2025-05-04 23:58:26,Marbig Assorted Fluro A6 Note Pad 1pk,N/A,N/A,$2.65,N/A,https://foodlandbalaklava.com.au//lines/marbig-fluro-note-pad-a6-astd
Foodland Balaklava,2025-05-04 23:58:26,Marbig Check Ticket Book 4pk,N/A,N/A,$6.30,N/A,https://foodlandbalaklava.com.au//lines/marbig-check-ticket-book-4pk
Foodland Balaklava,2025-05-04 23:58:26,Marbig Clip Fldr A4 S/​Col Astd,N/A,N/A,$9.55,N/A,https://foodlandbalaklava.com.au//lines/marbig-clip-fldr-a4-s-col-astd
Foodland Balaklava,2025-05-04 23:58:26,Marbig Disply Bk A4 20p Assort,N/A,N/A,$3.70,N/A,https://foodlandbalaklava.com.au//lines/marbig-disply-bk-a4-20p-assort
Foodland Balaklava,2025-05-04 23:58:26,Marbig Doc Wallet Poly Astd,N/A,N/A,$4.55,N/A,https://foodlandbalaklava.com.au//lines/marbig-doc-wallet-poly-astd
Foodland Balaklava,2025-05-04 23:58:26,Marbig Docket Bk No.​8 50pg,N/A,N/A,$7.30,N/A,https://foodlandbalaklava.com.au//lines/marbig-docket-bk-no-8-50pg
Foodland Balaklava,2025-05-04 23:58:26,Marbig Lever Arch A4 Blk,N/A,N/A,$7.40,N/A,https://foodlandbalaklava.com.au//lines/marbig-lever-arch-a4-blk
Foodland Balaklava,2025-05-04 23:58:26,Marbig Paper Clip 100pk,N/A,N/A,$2.55,N/A,https://foodlandbalaklava.com.au//lines/marbig-paper-clip-100pk
Foodland Balaklava,2025-05-04 23:58:26,Marbig Poly String Whte,80m,N/A,$5.15,N/A,https://foodlandbalaklava.com.au//lines/marbig-poly-string-whte-80m
Foodland Balaklava,2025-05-04 23:58:26,Marbig Push Pins 30pk,N/A,N/A,$2.55,N/A,https://foodlandbalaklava.com.au//lines/marbig-push-pins-30pk
Foodland Balaklava,2025-05-04 23:58:26,Marbig Rubber Band Assorted,N/A,N/A,$5.25,N/A,https://foodlandbalaklava.com.au//lines/marbig-rubber-band-astd
Foodland Balaklava,2025-05-04 23:58:26,Marbig Ruler Coloured 30cm,N/A,N/A,$3.00,N/A,https://foodlandbalaklava.com.au//lines/marbig-ruler-coloured-30cm
Foodland Balaklava,2025-05-04 23:58:26,Marbig Sheet Protect A4 20pk,N/A,N/A,$3.55,N/A,https://foodlandbalaklava.com.au//lines/marbig-sheet-protect-a4-20pk
Foodland Balaklava,2025-05-04 23:58:26,Marbig Stapler Mini 26/​6,N/A,N/A,$8.60,N/A,https://foodlandbalaklava.com.au//lines/marbig-stapler-mini-26-6
Foodland Balaklava,2025-05-04 23:58:26,Marbig Stapler W/​Plastic Strip,N/A,N/A,$15.85,N/A,https://foodlandbalaklava.com.au//lines/marbig-stapler-w-plastic-strip-1
Foodland Balaklava,2025-05-04 23:58:26,Marbig Staples 26/​6 5000s,N/A,N/A,$5.15,N/A,https://foodlandbalaklava.com.au//lines/marbig-staples-26-6-5000s
Foodland Balaklava,2025-05-04 23:58:26,Marbig Thumb Tacks 100,N/A,N/A,$3.90,N/A,https://foodlandbalaklava.com.au//lines/marbig-thumb-tacks-100s
Foodland Balaklava,2025-05-04 23:58:26,Marcel's Happy Pancakes,240g,N/A,$6.00,$2.50 per 100g,https://foodlandbalaklava.com.au//lines/marcel-pancake-happy-240g
Foodland Balaklava,2025-05-04 23:58:26,Marco Polo Baby Cornichons,350g,N/A,$2.59,$7.40 per kg,https://foodlandbalaklava.com.au//lines/m-polo-cornichons-baby-350gm
Foodland Balaklava,2025-05-04 23:58:26,Marco Polo Mild Bruschetta Topping,490g,N/A,$9.00,$1.84 per 100g,https://foodlandbalaklava.com.au//lines/m-polo-mild-brusc-topping-490g
Foodland Balaklava,2025-05-04 23:58:26,Marco Polo Roasted Red Peppers,670g,N/A,$7.50,$11.19 per kg,https://foodlandbalaklava.com.au//lines/m-polo-peppers-roasted-670gm
Foodland Balaklava,2025-05-04 23:58:26,Marie Claire Magazine,52mL,N/A,$10.20,N/A,https://foodlandbalaklava.com.au//lines/marie-claire-tip-astrology
Foodland Balaklava,2025-05-04 23:58:26,Marion's Kitchen Salad Dressing Vietnamese Style Tangy Dressing,240mL,N/A,$5.25,$2.19 per 100mL,https://foodlandbalaklava.com.au//lines/m-kitch-drs-tngy-vietmse-240ml
Foodland Balaklava,2025-05-04 23:58:26,Marion's Kitchen Thai Green Curry Paste,190g,N/A,$6.30,$3.32 per 100g,https://foodlandbalaklava.com.au//lines/m-kitch-pste-curry-green-190g
Foodland Balaklava,2025-05-04 23:58:26,Marion's Kitchen Thai Red Curry,394g,N/A,$8.95,$2.27 per 100g,https://foodlandbalaklava.com.au//lines/m-kitch-kit-curry-red-394gm
Foodland Balaklava,2025-05-04 23:58:26,Marion’​S Kitchen Massaman Curry,190g,N/A,$6.30,$3.32 per 100g,https://foodlandbalaklava.com.au//lines/m-kitch-pste-curry-massam-190g
Foodland Balaklava,2025-05-04 23:58:27,Marrow Bones Rw,N/A,N/A,$6.99,N/A,https://foodlandbalaklava.com.au//lines/marrow-bones-rw
Foodland Balaklava,2025-05-04 23:58:27,Mars Ice Confection Frozen Dessert Bar Carton,5 x 247mL,was $10.00,$7.75,$3.14 per 100mL,https://foodlandbalaklava.com.au//lines/mars-i-crm-bar-5s
Foodland Balaklava,2025-05-04 23:58:27,Mars Milk Chocolate Fun Size Sharepack 12 Pieces,192g,was $6.00,$5.40,$2.81 per 100g,https://foodlandbalaklava.com.au//lines/mars-funsize-192gm
Foodland Balaklava,2025-05-04 23:58:27,Mars Secret Centre Biscuits,132g,N/A,$5.60,$4.24 per 100g,https://foodlandbalaklava.com.au//lines/tmg-mars-secret-biscuit-132g
Foodland Balaklava,2025-05-04 23:58:27,Massel Beef Stock,168g,was $4.20,$3.75,$0.22 per 10g,https://foodlandbalaklava.com.au//lines/massel-stock-beef-168gm-1
Foodland Balaklava,2025-05-04 23:58:27,Massel Bouillon Cubes Beef Gluten Free 7,N/A,N/A,$1.05,$0.30 per 10g,https://foodlandbalaklava.com.au//lines/massel-cubes-bouil-beef-g-f-7s
Foodland Balaklava,2025-05-04 23:58:27,Massel Chicken Gravy,130g,was $4.35,$3.10,$0.24 per 10g,https://foodlandbalaklava.com.au//lines/massel-inst-grvy-chkn-130gm
Foodland Balaklava,2025-05-04 23:58:27,Massel Cubes Bouil Chicken Gluten Free 7 Cubes,N/A,N/A,$1.05,$0.30 per 10g,https://foodlandbalaklava.com.au//lines/massel-cubes-bouil-chkn-g-f-7s
Foodland Balaklava,2025-05-04 23:58:27,Massel Reduced Salt Stock Cube Chicken,105g,was $4.20,$3.60,$0.34 per 10g,https://foodlandbalaklava.com.au//lines/massel-ultracube-chick-s-rd10s
Foodland Balaklava,2025-05-04 23:58:27,Massel Rich Roast Gravy,130g,was $4.35,$3.10,$0.24 per 10g,https://foodlandbalaklava.com.au//lines/massel-inst-grvy-rch-rst-130gm
Foodland Balaklava,2025-05-04 23:58:27,Massel Stock Chicken Salt Reduced,140g,was $4.20,$3.75,$0.27 per 10g,https://foodlandbalaklava.com.au//lines/massel-stock-chicken-s-r-140g
Foodland Balaklava,2025-05-04 23:58:27,Massel Traditional Instant Gravy,130g,was $4.35,$3.10,$0.24 per 10g,https://foodlandbalaklava.com.au//lines/massel-inst-grvy-trad-130gm
Foodland Balaklava,2025-05-04 23:58:27,Massel Ultracube Beef 10pk,N/A,was $4.20,$3.60,$0.34 per 10g,https://foodlandbalaklava.com.au//lines/massel-ultracube-beef-10s
Foodland Balaklava,2025-05-04 23:58:27,Massel Vegetable Stock,168g,was $4.20,$3.75,$0.22 per 10g,https://foodlandbalaklava.com.au//lines/massel-stock-vegetable-168gm-1
Foodland Balaklava,2025-05-04 23:58:27,Massel Vegetable Stock Cubes 10pk,N/A,was $4.20,$3.60,$0.34 per 10g,https://foodlandbalaklava.com.au//lines/massel-ultracube-vegetable-10s
Foodland Balaklava,2025-05-04 23:58:27,Masterfoods All Purpose Seasoning,65g,N/A,$3.70,$0.57 per 10g,https://foodlandbalaklava.com.au//lines/mf-seasoning-all-purpose-65gm
Foodland Balaklava,2025-05-04 23:58:27,Masterfoods Barbecue Sauce Bottle,250mL,was $3.35,$2.50,$1.00 per 100mL,https://foodlandbalaklava.com.au//lines/mf-sce-bbq-sqzy-250ml
Foodland Balaklava,2025-05-04 23:58:27,Masterfoods Basil Leaves,10g,N/A,$3.70,$3.70 per 10g,https://foodlandbalaklava.com.au//lines/mf-basil-leaves-sweet-10gm
Foodland Balaklava,2025-05-04 23:58:27,Masterfoods Beef & Red Wine Casserole Slow Cook Recipe Base,175g,was $3.15,$2.65,$1.51 per 100g,https://foodlandbalaklava.com.au//lines/mf-rec-bse-bf-r-wne-cass-175gm
Foodland Balaklava,2025-05-04 23:58:27,Masterfoods Beef Stroganoff Cooking Sauce,495g,was $5.15,$4.50,$0.91 per 100g,https://foodlandbalaklava.com.au//lines/mf-sce-sim-beef-strog-495gm
Foodland Balaklava,2025-05-04 23:58:27,Masterfoods Beef Stroganoff Recipe Base,175g,was $3.15,$2.65,$1.51 per 100g,https://foodlandbalaklava.com.au//lines/mf-rec-bse-beef-stroganof175gm
Foodland Balaklava,2025-05-04 23:58:27,Masterfoods Born In The Flames Hickory And Brown Sugar Barbecue Sauce,500mL,N/A,$6.85,$1.37 per 100mL,https://foodlandbalaklava.com.au//lines/mf-sce-bbq-hick-brwn-sug-500ml
Foodland Balaklava,2025-05-04 23:58:27,Masterfoods Cajun Seasoning,35g,N/A,$4.75,$1.36 per 10g,https://foodlandbalaklava.com.au//lines/mf-seasoning-cajun-35gm
Foodland Balaklava,2025-05-04 23:58:27,Masterfoods Carbonara Recipe Base,170g,was $3.15,$2.65,$1.56 per 100g,https://foodlandbalaklava.com.au//lines/mf-rec-bse-carbonara-170gm
Foodland Balaklava,2025-05-04 23:58:27,Masterfoods Cayenne Pepper Ground,30g,N/A,$3.70,$1.23 per 10g,https://foodlandbalaklava.com.au//lines/mf-cayenne-pepper-ground-30gm
Foodland Balaklava,2025-05-04 23:58:27,Masterfoods Celery Seasoning,57g,N/A,$3.70,$0.65 per 10g,https://foodlandbalaklava.com.au//lines/mf-salt-celery-57gm
Foodland Balaklava,2025-05-04 23:58:27,Masterfoods Chicken Alfredo Recipe Base,170g,was $3.15,$2.65,$1.56 per 100g,https://foodlandbalaklava.com.au//lines/mf-rec-bse-chk-alfredo-170gm
Foodland Balaklava,2025-05-04 23:58:27,Masterfoods Chicken Salt Seasoning,65g,N/A,$3.90,$0.60 per 10g,https://foodlandbalaklava.com.au//lines/mf-salt-chicken-65gm
Foodland Balaklava,2025-05-04 23:58:27,Masterfoods Chicken Seasoning,49g,N/A,$4.20,$0.86 per 10g,https://foodlandbalaklava.com.au//lines/mf-seasoning-chicken-49gm
Foodland Balaklava,2025-05-04 23:58:27,Masterfoods Chilli Flakes,22g,N/A,$3.70,$1.68 per 10g,https://foodlandbalaklava.com.au//lines/mf-chilli-flakes-22g
Foodland Balaklava,2025-05-04 23:58:27,Masterfoods Chinese Beef Stir Fry Recipe Base,175g,was $3.15,$2.65,$1.51 per 100g,https://foodlandbalaklava.com.au//lines/mf-rec-bse-chs-beef-stf-175g
Foodland Balaklava,2025-05-04 23:58:27,Masterfoods Chinese Five Spice Blend,30g,N/A,$3.70,$1.23 per 10g,https://foodlandbalaklava.com.au//lines/mf-chinese-5-spice-30gm
Foodland Balaklava,2025-05-04 23:58:27,Masterfoods Cinnamon Sugar,55g,N/A,$3.70,$0.67 per 10g,https://foodlandbalaklava.com.au//lines/mf-cinnamon-sugar-55gm
Foodland Balaklava,2025-05-04 23:58:27,Masterfoods Cloves Ground,26g,N/A,$5.45,$2.10 per 10g,https://foodlandbalaklava.com.au//lines/mf-cloves-ground-26gm
Foodland Balaklava,2025-05-04 23:58:27,Masterfoods Cloves Whole,20g,N/A,$5.05,$2.52 per 10g,https://foodlandbalaklava.com.au//lines/mf-cloves-20gm
Foodland Balaklava,2025-05-04 23:58:27,Masterfoods Coriander Leaves,5g,N/A,$3.70,$7.40 per 10g,https://foodlandbalaklava.com.au//lines/mf-coriander-leaves-5gm
Foodland Balaklava,2025-05-04 23:58:27,Masterfoods Country Beef Casserole Slow Cook Recipe Base,175g,was $3.15,$2.65,$1.51 per 100g,https://foodlandbalaklava.com.au//lines/mf-rec-bse-cntry-bf-cass-175gm
Foodland Balaklava,2025-05-04 23:58:27,Masterfoods Creamy Cheesy Potato Oven Bake Recipe Base,175g,was $3.15,$2.65,$1.51 per 100g,https://foodlandbalaklava.com.au//lines/mf-rec-bse-chse-pot-bke-175gm
Foodland Balaklava,2025-05-04 23:58:27,Masterfoods Creamy Chicken & Mushroom Cooking Sauce,490g,was $5.15,$4.50,$0.92 per 100g,https://foodlandbalaklava.com.au//lines/mf-sce-sim-crmy-ckn-mush-490gm
Foodland Balaklava,2025-05-04 23:58:27,Masterfoods Creamy Chicken & Mushroom Recipe Base,175g,was $3.15,$2.65,$1.51 per 100g,https://foodlandbalaklava.com.au//lines/mf-rec-bse-crmy-mush-chk-175gm
Foodland Balaklava,2025-05-04 23:58:27,Masterfoods Creamy Garlic & Herb Potato Oven Bake Recipe Base,175g,was $3.15,$2.65,$1.51 per 100g,https://foodlandbalaklava.com.au//lines/mf-rec-bse-crmy-gar-herb-175gm
Foodland Balaklava,2025-05-04 23:58:27,Masterfoods Curried Sausages Cooking Sauce,500g,was $5.15,$4.50,$0.90 per 100g,https://foodlandbalaklava.com.au//lines/mf-sce-cur-sausages-500gm
Foodland Balaklava,2025-05-04 23:58:27,Masterfoods Curried Sausages Recipe Base,175g,was $3.15,$2.65,$1.51 per 100g,https://foodlandbalaklava.com.au//lines/mf-rec-bse-curried-sausage175g
Foodland Balaklava,2025-05-04 23:58:27,Masterfoods Devilled Sausages Recipe Base,175g,was $3.15,$2.65,$1.51 per 100g,https://foodlandbalaklava.com.au//lines/mf-rec-bse-devile-sausage175gm
Foodland Balaklava,2025-05-04 23:58:27,Masterfoods Dill Leaf Tips,10g,N/A,$3.70,$3.70 per 10g,https://foodlandbalaklava.com.au//lines/mf-dill-green-tips-156929-10gm
Foodland Balaklava,2025-05-04 23:58:27,Masterfoods Farmhouse Chicken Casserole Slow Cook Recipe Base,175g,was $3.15,$2.65,$1.51 per 100g,https://foodlandbalaklava.com.au//lines/mf-rec-bse-chic-cass-175gm
Foodland Balaklava,2025-05-04 23:58:27,Masterfoods Fennel Seeds Whole,26g,N/A,$4.00,$1.54 per 10g,https://foodlandbalaklava.com.au//lines/mf-fennel-seed-whole-26gm
Foodland Balaklava,2025-05-04 23:58:27,Masterfoods Finely Chopped Chilli,160g,N/A,$4.20,$26.25 per kg,https://foodlandbalaklava.com.au//lines/mf-chilli-fresh-chopped-160gm
Foodland Balaklava,2025-05-04 23:58:28,Masterfoods Finely Crushed Garlic,280g,N/A,$5.55,$19.82 per kg,https://foodlandbalaklava.com.au//lines/mf-squeeze-btl-garlic-280g
Foodland Balaklava,2025-05-04 23:58:28,Masterfoods Finely Crushed Ginger,270g,N/A,$5.55,$20.56 per kg,https://foodlandbalaklava.com.au//lines/mf-squeeze-btl-ginger-270g
Foodland Balaklava,2025-05-04 23:58:28,Masterfoods French Mustard,175g,N/A,$4.75,$2.71 per 100g,https://foodlandbalaklava.com.au//lines/mf-mustard-french-175gm
Foodland Balaklava,2025-05-04 23:58:28,Masterfoods Garam Masala Spice Blend,30g,N/A,$3.70,$1.23 per 10g,https://foodlandbalaklava.com.au//lines/mf-garam-masala-30gm
Foodland Balaklava,2025-05-04 23:58:28,Masterfoods Garlic & Herb Lamb Shanks Slow Cook Recipe Base,175g,was $3.15,$2.65,$1.51 per 100g,https://foodlandbalaklava.com.au//lines/mf-garlic-herb-lmb-shank-175gm
Foodland Balaklava,2025-05-04 23:58:28,Masterfoods Garlic & Herb Salt Seasoning,62g,N/A,$3.70,$0.60 per 10g,https://foodlandbalaklava.com.au//lines/mf-garlic-herb-salt-62gm
Foodland Balaklava,2025-05-04 23:58:28,Masterfoods Garlic Granulated,45g,N/A,$3.70,$0.82 per 10g,https://foodlandbalaklava.com.au//lines/mf-garlic-granulated-45gm
Foodland Balaklava,2025-05-04 23:58:28,Masterfoods Garlic Seasoning,70g,N/A,$3.70,$0.53 per 10g,https://foodlandbalaklava.com.au//lines/mf-salt-garlic-70gm
Foodland Balaklava,2025-05-04 23:58:28,Masterfoods Garlic Steak Seasoning,50g,N/A,$3.70,$0.74 per 10g,https://foodlandbalaklava.com.au//lines/mf-seasoning-garlic-steak-50gm
Foodland Balaklava,2025-05-04 23:58:28,Masterfoods Ground Chilli,27g,N/A,$3.70,$1.37 per 10g,https://foodlandbalaklava.com.au//lines/mf-chillies-grd-27gm
Foodland Balaklava,2025-05-04 23:58:28,Masterfoods Ground Paprika,33g,N/A,$3.70,$1.12 per 10g,https://foodlandbalaklava.com.au//lines/mf-paprika-ground-34g
Foodland Balaklava,2025-05-04 23:58:28,Masterfoods Ground Turmeric,34g,N/A,$3.70,$1.09 per 10g,https://foodlandbalaklava.com.au//lines/mf-tumeric-ground-34g
Foodland Balaklava,2025-05-04 23:58:28,Masterfoods Harissa Middle Eastern Seasoning,37g,N/A,$3.70,$1.00 per 10g,https://foodlandbalaklava.com.au//lines/mf-harissa-m-east-spce-37gm
Foodland Balaklava,2025-05-04 23:58:28,Masterfoods Honey BBQ Marinade,375g,N/A,$3.60,$0.96 per 100g,https://foodlandbalaklava.com.au//lines/mf-marinade-honey-bbq-375g
Foodland Balaklava,2025-05-04 23:58:28,Masterfoods Honey Mustard,275g,N/A,$4.40,$1.60 per 100g,https://foodlandbalaklava.com.au//lines/mf-mustard-honey-sqz-275gm
Foodland Balaklava,2025-05-04 23:58:28,Masterfoods Honey Mustard Chicken Cooking Sauce,505g,was $5.15,$4.50,$0.89 per 100g,https://foodlandbalaklava.com.au//lines/mf-sce-sim-hny-mus-ckn-505gm
Foodland Balaklava,2025-05-04 23:58:28,"Masterfoods Honey, Garlic & Soy Stir Fry Recipe Base",175g,was $3.15,$2.65,$1.51 per 100g,https://foodlandbalaklava.com.au//lines/mf-rec-bse-s-f-hny-g-soy-175gm
Foodland Balaklava,2025-05-04 23:58:28,Masterfoods Hot Chilli Sauce Bottle,250mL,was $4.00,$2.80,$1.12 per 100mL,https://foodlandbalaklava.com.au//lines/mf-sce-chilli-hot-sqzy-250ml
Foodland Balaklava,2025-05-04 23:58:28,Masterfoods Hot English Mustard,175g,N/A,$4.75,$2.71 per 100g,https://foodlandbalaklava.com.au//lines/mf-mustard-english-hot-175gm
Foodland Balaklava,2025-05-04 23:58:28,Masterfoods Italian Herb Blend,10g,N/A,$3.70,$3.70 per 10g,https://foodlandbalaklava.com.au//lines/mf-herbs-italian-10gm
Foodland Balaklava,2025-05-04 23:58:28,Masterfoods Italian Herb Blend,33g,N/A,$6.85,$2.08 per 10g,https://foodlandbalaklava.com.au//lines/mf-herbs-italian-herb-33g
Foodland Balaklava,2025-05-04 23:58:28,Masterfoods Lamb Casserole Slow Cook Recipe Base,175g,was $3.15,$2.65,$1.51 per 100g,https://foodlandbalaklava.com.au//lines/mf-rec-bse-lamb-cass-175gm
Foodland Balaklava,2025-05-04 23:58:28,Masterfoods Lamb Herb Blend,15g,N/A,$3.70,$2.47 per 10g,https://foodlandbalaklava.com.au//lines/mf-herbs-lamb-15gm
Foodland Balaklava,2025-05-04 23:58:28,Masterfoods Large All Purpose Seasoning,200g,N/A,$6.85,$0.34 per 10g,https://foodlandbalaklava.com.au//lines/mf-seasoning-all-purpose-200gm-1
Foodland Balaklava,2025-05-04 23:58:28,Masterfoods Large Chicken Salt Seasoning,200g,N/A,$6.85,$0.34 per 10g,https://foodlandbalaklava.com.au//lines/mf-salt-chicken-200gm
Foodland Balaklava,2025-05-04 23:58:28,Masterfoods Large Garlic Salt Seasoning,210g,N/A,$6.85,$0.33 per 10g,https://foodlandbalaklava.com.au//lines/mf-salt-garlic-210gm
Foodland Balaklava,2025-05-04 23:58:28,Masterfoods Large Moroccan Seasoning,160g,N/A,$6.85,$0.43 per 10g,https://foodlandbalaklava.com.au//lines/mf-seasoning-moroccan-160gm
Foodland Balaklava,2025-05-04 23:58:28,Masterfoods Large Onion Flakes,100g,N/A,$6.85,$0.68 per 10g,https://foodlandbalaklava.com.au//lines/mf-onion-flakes-100gm
Foodland Balaklava,2025-05-04 23:58:28,Masterfoods Large Tuscan Seasoning,155g,N/A,$7.90,$0.51 per 10g,https://foodlandbalaklava.com.au//lines/mf-seasoning-tuscan-155gm
Foodland Balaklava,2025-05-04 23:58:28,Masterfoods Lemon Pepper Seasoning,52g,N/A,$3.70,$0.71 per 10g,https://foodlandbalaklava.com.au//lines/mf-seasoning-lm-pep-52gm
Foodland Balaklava,2025-05-04 23:58:28,Masterfoods Mango Chutney,250g,N/A,$4.75,$1.90 per 100g,https://foodlandbalaklava.com.au//lines/mf-relish-cafe-mango-250gm
Foodland Balaklava,2025-05-04 23:58:28,Masterfoods Mild American Mustard Bottle,250g,N/A,$4.40,$1.76 per 100g,https://foodlandbalaklava.com.au//lines/mf-mustard-amer-mild-sqz-250gm
Foodland Balaklava,2025-05-04 23:58:28,Masterfoods Mild Chicken Curry Slow Cook Recipe Base,175g,was $3.15,$2.65,$1.51 per 100g,https://foodlandbalaklava.com.au//lines/mf-rec-bse-s-c-chk-curry-175gm
Foodland Balaklava,2025-05-04 23:58:28,Masterfoods Mixed Herb Blend,40g,N/A,$6.85,$1.71 per 10g,https://foodlandbalaklava.com.au//lines/mf-herbs-mixed-40gm
Foodland Balaklava,2025-05-04 23:58:28,Masterfoods Mixed Spice Blend,30g,N/A,$3.70,$1.23 per 10g,https://foodlandbalaklava.com.au//lines/mf-mixed-spice-trad-30gm
Foodland Balaklava,2025-05-04 23:58:28,Masterfoods Moroccan Spice Blend,52g,N/A,$3.70,$0.71 per 10g,https://foodlandbalaklava.com.au//lines/mf-herbs-seas-moroccan-52g
Foodland Balaklava,2025-05-04 23:58:28,Masterfoods Mymc Cajun Mince Recipe Base,175g,was $3.70,$2.75,$1.57 per 100g,https://foodlandbalaklava.com.au//lines/mf-rec-bse-cajun-mince-175g
Foodland Balaklava,2025-05-04 23:58:28,Masterfoods Mymc Chipotle Chicken Recipe Base,175g,was $3.70,$2.75,$1.57 per 100g,https://foodlandbalaklava.com.au//lines/mf-rec-base-chiptle-chic-175g
Foodland Balaklava,2025-05-04 23:58:28,Masterfoods Mymc Korean BBQ Beef Recipe Base,175g,was $3.70,$2.75,$1.57 per 100g,https://foodlandbalaklava.com.au//lines/mf-rec-bse-korn-bbq-beef-175g
Foodland Balaklava,2025-05-04 23:58:28,Masterfoods Onion Powder,44g,N/A,$3.70,$0.84 per 10g,https://foodlandbalaklava.com.au//lines/mf-herbs-onion-powder-44g
Foodland Balaklava,2025-05-04 23:58:28,Masterfoods Oregano Leaves,10g,N/A,$3.70,$3.70 per 10g,https://foodlandbalaklava.com.au//lines/mf-herbs-oregano-leaves-10g
Foodland Balaklava,2025-05-04 23:58:28,Masterfoods Parsley Flakes,7g,N/A,$3.70,$5.29 per 10g,https://foodlandbalaklava.com.au//lines/mf-herbs-parsley-flakes-7g
Foodland Balaklava,2025-05-04 23:58:28,Masterfoods Red Wine & Garlic Marinade,375g,N/A,$3.60,$0.96 per 100g,https://foodlandbalaklava.com.au//lines/mf-marinade-r-wine-gar-375gm
Foodland Balaklava,2025-05-04 23:58:28,Masterfoods Reduced Salt & Sugar Tomato Sauce Bottle,475mL,N/A,$4.20,$0.88 per 100mL,https://foodlandbalaklava.com.au//lines/mf-sce-tomato-red-salt-475ml
Foodland Balaklava,2025-05-04 23:58:28,Masterfoods Roast Chicken Seasoning,41g,N/A,$3.70,$0.90 per 10g,https://foodlandbalaklava.com.au//lines/mf-seasoning-roast-chicken-41g
Foodland Balaklava,2025-05-04 23:58:28,Masterfoods Roast Lamb Seasoning,42g,N/A,$4.40,$1.05 per 10g,https://foodlandbalaklava.com.au//lines/mf-seasoning-roast-lamb-42gm
Foodland Balaklava,2025-05-04 23:58:28,Masterfoods Roast Vegetable Seasoning,42g,N/A,$3.70,$0.88 per 10g,https://foodlandbalaklava.com.au//lines/mf-herbs-roast-vegetable-42g
Foodland Balaklava,2025-05-04 23:58:28,Masterfoods Satay Chicken Stir Fry Recipe Base,175g,was $3.15,$2.65,$1.51 per 100g,https://foodlandbalaklava.com.au//lines/mf-rec-bse-chic-satay-175gm
Foodland Balaklava,2025-05-04 23:58:29,Masterfoods Satay Marinade,375g,N/A,$3.60,$0.96 per 100g,https://foodlandbalaklava.com.au//lines/mf-marinade-satay-375gm
Foodland Balaklava,2025-05-04 23:58:29,Masterfoods Savoury Mince Recipe Base,175g,was $3.15,$2.65,$1.51 per 100g,https://foodlandbalaklava.com.au//lines/mf-rec-bse-savory-mince-175gm
Foodland Balaklava,2025-05-04 23:58:29,Masterfoods Seafood Cocktail Sauce,260g,N/A,$4.00,$1.54 per 100g,https://foodlandbalaklava.com.au//lines/mf-sce-seafood-c-tail-260gm
Foodland Balaklava,2025-05-04 23:58:29,Masterfoods Sesame Seeds,37g,N/A,$3.70,$1.00 per 10g,https://foodlandbalaklava.com.au//lines/mf-sesame-seed-37gm
Foodland Balaklava,2025-05-04 23:58:29,Masterfoods Shepherd's Pie Oven Bake Recipe Base,175g,was $3.15,$2.65,$1.51 per 100g,https://foodlandbalaklava.com.au//lines/mf-rec-bse-shep-pie-175gm
Foodland Balaklava,2025-05-04 23:58:29,Masterfoods Smoked Paprika,35g,N/A,$3.70,$1.06 per 10g,https://foodlandbalaklava.com.au//lines/mf-paprika-smoked-35gm
Foodland Balaklava,2025-05-04 23:58:29,Masterfoods Spaghetti Bolognese Herb Blend,40g,N/A,$7.90,$1.98 per 10g,https://foodlandbalaklava.com.au//lines/mf-spag-bolg-blend-40gm
Foodland Balaklava,2025-05-04 23:58:29,Masterfoods Steak Seasoning,45g,N/A,$3.70,$0.82 per 10g,https://foodlandbalaklava.com.au//lines/mf-seasoning-steak-45gm
Foodland Balaklava,2025-05-04 23:58:29,Masterfoods Sweet Plum Marinade,375g,N/A,$3.60,$0.96 per 100g,https://foodlandbalaklava.com.au//lines/mf-marinade-swt-plum-375g
Foodland Balaklava,2025-05-04 23:58:29,Masterfoods Sweet Thai Style Chicken Noodles Ready In 15 Minutes Recipe Base,175g,was $3.15,$2.65,$1.51 per 100g,https://foodlandbalaklava.com.au//lines/mf-rec-bse-sw-thai-chk-ndl175g
Foodland Balaklava,2025-05-04 23:58:29,Masterfoods Teriyaki Chicken Stir Fry Recipe Base,175g,was $3.15,$2.65,$1.51 per 100g,https://foodlandbalaklava.com.au//lines/mf-rec-bse-teriyaki-chkn-175gm
Foodland Balaklava,2025-05-04 23:58:29,Masterfoods Thai Green Curry Recipe Base,175g,was $3.15,$2.65,$1.51 per 100g,https://foodlandbalaklava.com.au//lines/mf-rec-bse-thai-grn-crry-175gm
Foodland Balaklava,2025-05-04 23:58:29,Masterfoods Thyme Leaves,10g,N/A,$3.70,$3.70 per 10g,https://foodlandbalaklava.com.au//lines/mf-thyme-leaves-10gm
Foodland Balaklava,2025-05-04 23:58:29,Masterfoods Tomato Sauce Bottle,250mL,was $3.35,$2.50,$1.00 per 100mL,https://foodlandbalaklava.com.au//lines/mf-sce-tomato-sqzy-250ml
Foodland Balaklava,2025-05-04 23:58:29,Masterfoods Tuscan Meatballs Recipe Base,175g,was $3.15,$2.65,$1.51 per 100g,https://foodlandbalaklava.com.au//lines/mf-rec-bse-tuscan-m-balls175gm
Foodland Balaklava,2025-05-04 23:58:29,Masterfoods™ Gherkin Relish,260g,N/A,$4.75,$1.83 per 100g,https://foodlandbalaklava.com.au//lines/mf-relish-clas-gherkin-260gm
Foodland Balaklava,2025-05-04 23:58:29,Masterfoods™ Lemon Butter Spread,280g,N/A,$4.40,$1.57 per 100g,https://foodlandbalaklava.com.au//lines/mf-lemon-butter-280gm
Foodland Balaklava,2025-05-04 23:58:29,Masterfoods™ Sweet & Sour Sauce,270g,N/A,$3.70,$1.37 per 100g,https://foodlandbalaklava.com.au//lines/mf-sce-sweet-sour-270gm
Foodland Balaklava,2025-05-04 23:58:29,Matchetts Chli/​Jam Chutney,250g,N/A,$11.00,$4.40 per 100g,https://foodlandbalaklava.com.au//lines/matchetts-chli-jam-chutney-250g
Foodland Balaklava,2025-05-04 23:58:29,Maxell Platinum Lithium Cr 2032 2pk,N/A,N/A,$7.00,$3.50 Each,https://foodlandbalaklava.com.au//lines/platinum-bat-cr2032-2pk
Foodland Balaklava,2025-05-04 23:58:29,Maxi Block 35% Aloe-Ver Gel,500mL,N/A,$13.75,$2.75 per 100mL,https://foodlandbalaklava.com.au//lines/maxiblock-a-sun-gl35-alo-500ml
Foodland Balaklava,2025-05-04 23:58:29,Maxi Block Spf 50+ Sun Screen,200mL,was $15.70,$13.45,$6.72 per 100mL,https://foodlandbalaklava.com.au//lines/maxiblock-s-s-spf50-tbe-200ml
Foodland Balaklava,2025-05-04 23:58:29,Maxi Block Spf50 Kinder Sun Block,100mL,was $11.30,$9.65,$9.65 per 100mL,https://foodlandbalaklava.com.au//lines/maxiblck-kinder-spf50-tbe100ml
Foodland Balaklava,2025-05-04 23:58:29,Maxi Block Spf50+ Sun Screen Pump,500mL,was $23.75,$20.30,$4.06 per 100mL,https://foodlandbalaklava.com.au//lines/maxiblock-s-s-spf50-pmp-500ml
Foodland Balaklava,2025-05-04 23:58:29,Maxiblock Spf50+ Sunscreen Pump,1L,N/A,$33.60,$3.36 per 100mL,https://foodlandbalaklava.com.au//lines/maxiblock-s-s-spf50-pump-1l
Foodland Balaklava,2025-05-04 23:58:29,Maximus Blue Isotonic Sports Drink,1L,was $4.20,$3.60,$3.60 per L,https://foodlandbalaklava.com.au//lines/maximus-bring-it-on-blue-1l
Foodland Balaklava,2025-05-04 23:58:29,Maximus Lemonade Ice Block Isotonic Sports Drink,1L,was $4.20,$3.60,$3.60 per L,https://foodlandbalaklava.com.au//lines/maximus-lemonade-ice-block-1l
Foodland Balaklava,2025-05-04 23:58:29,Maximus Lime Isotonic Sports Drink,1L,was $4.20,$3.60,$3.60 per L,https://foodlandbalaklava.com.au//lines/maximus-game-on-lime-1l
Foodland Balaklava,2025-05-04 23:58:29,Maximus Red Isotonic Sports Drink,1L,was $4.20,$3.60,$3.60 per L,https://foodlandbalaklava.com.au//lines/maximus-suck-it-up-raspberry1l
Foodland Balaklava,2025-05-04 23:58:29,Maximus Zero Sugar Grape,1L,N/A,$4.20,$4.20 per L,https://foodlandbalaklava.com.au//lines/maximus-sports-grape-z-sug-1l
Foodland Balaklava,2025-05-04 23:58:29,Maxines Burn Bar Caramel,40g,N/A,$3.79,$9.48 per 100g,https://foodlandbalaklava.com.au//lines/maxines-burn-bar-caramel-40g
Foodland Balaklava,2025-05-04 23:58:29,Maxines Burn Bar Fudge,40g,N/A,$3.79,$9.48 per 100g,https://foodlandbalaklava.com.au//lines/maxines-burn-bar-fudge-40g
Foodland Balaklava,2025-05-04 23:58:29,Maybelline Fast Gel Quick-Drying Longwear Nail Lacquer Blackout,7g,N/A,$15.75,N/A,https://foodlandbalaklava.com.au//lines/maybell-fast-gel-blkout-6-7ml
Foodland Balaklava,2025-05-04 23:58:29,Maybelline Fast Gel Quick-Drying Longwear Nail Lacquer Tease,7g,N/A,$15.75,N/A,https://foodlandbalaklava.com.au//lines/maybell-fast-gel-tease-6-7ml
Foodland Balaklava,2025-05-04 23:58:29,Maybelline Fast Gel Quick-Drying Longwear Nail Lacquer Twisted Tulip,7g,N/A,$15.75,N/A,https://foodlandbalaklava.com.au//lines/maybell-fast-gel-twst-tul6-7ml
Foodland Balaklava,2025-05-04 23:58:29,Maybelline New York Fast Gel Quick-Drying Longwear Nail Lacquer Top Coat,7g,N/A,$15.75,$22.50 per 10g,https://foodlandbalaklava.com.au//lines/maybell-fast-gel-top-coat-7gm
Foodland Balaklava,2025-05-04 23:58:29,Maybelline New York Maybelline Baby Lips Loves Colour Pink Lolita,4g,N/A,$6.30,$12.60 per 10g,https://foodlandbalaklava.com.au//lines/maybell-babylips-chry-kiss-5gm
Foodland Balaklava,2025-05-04 23:58:29,Maybelline New York Maybelline Brow Ultra Slim Eyebrow Pencil - Deep Brown,0.09g,N/A,$19.00,$190.00 per 10g,https://foodlandbalaklava.com.au//lines/maybell-brow-u-slm-dp-brw-90mg-1
Foodland Balaklava,2025-05-04 23:58:29,Maybelline New York Maybelline Brow Ultra Slim Eyebrow Pencil - Soft Brown,0.09g,N/A,$19.00,$190.00 per 10g,https://foodlandbalaklava.com.au//lines/maybell-brow-u-slm-sf-brw-90mg-1
Foodland Balaklava,2025-05-04 23:58:29,Maybelline New York Maybelline Color Sensational Made For All Lipstick - Mauve For Me 373,4.2g,N/A,$21.00,$52.50 per 10g,https://foodlandbalaklava.com.au//lines/maybell-made-for-you-mauv4-2gm
Foodland Balaklava,2025-05-04 23:58:29,Maybelline New York Maybelline Fit Me Matte & Poreless Mattifying Liquid Foundation - Ivory 115,30mL,N/A,$26.00,N/A,https://foodlandbalaklava.com.au//lines/maybell-fnd-fitme-ivry-30ml
Foodland Balaklava,2025-05-04 23:58:29,Maybelline New York Maybelline Fit Me Matte & Poreless Mattifying Liquid Foundation - Nude Beige 125,30mL,N/A,$26.00,N/A,https://foodlandbalaklava.com.au//lines/maybell-fitme-fnd-nat-bge-30ml
Foodland Balaklava,2025-05-04 23:58:29,Maybelline New York Maybelline Fit Me Matte & Poreless Pressed Powder - Classic Ivory 120,8.5g,N/A,$21.00,$26.25 per 10g,https://foodlandbalaklava.com.au//lines/maybell-fnd-fitme-pwd-ivry8-5g
Foodland Balaklava,2025-05-04 23:58:29,Maybelline New York Maybelline Fit Me Natural Coverage Concealer - Light 10,6.8mL,N/A,$14.00,N/A,https://foodlandbalaklava.com.au//lines/maybell-conclr-light-6-8ml
Foodland Balaklava,2025-05-04 23:58:29,Maybelline New York Maybelline Great Lash Volumizing Mascara - Blackest Black,12.5mL,N/A,$12.00,N/A,https://foodlandbalaklava.com.au//lines/maybell-mas-g-l-bblk-12-7ml-1
Foodland Balaklava,2025-05-04 23:58:29,Maybelline New York Maybelline Hypereasy Brush Tip Liquid Liner - Pitch Black,0.55mL,N/A,$21.00,N/A,https://foodlandbalaklava.com.au//lines/maybell-e-lnr-hypresy-blk-55ml-1
Foodland Balaklava,2025-05-04 23:58:29,Maybelline New York Maybelline Instant Age Rewind Eraser Multi-Use Concealer - Fair,6mL,N/A,$23.00,N/A,https://foodlandbalaklava.com.au//lines/maybell-conclr-erasr-fair-6ml-1
Foodland Balaklava,2025-05-04 23:58:29,Maybelline New York Maybelline Instant Age Rewind Eraser Multi-Use Concealer - Light,6.8mL,N/A,$23.00,N/A,https://foodlandbalaklava.com.au//lines/maybell-conclr-erasr-lght-6ml
Foodland Balaklava,2025-05-04 23:58:30,Maybelline New York Maybelline Instant Age Rewind Eraser Multi-Use Concealer - Medium,6.8mL,N/A,$23.00,N/A,https://foodlandbalaklava.com.au//lines/maybell-conclr-erasr-med-6ml-1
Foodland Balaklava,2025-05-04 23:58:30,Maybelline New York Maybelline Instant Age Rewind Instant Perfector 4-In-1 Glow Makeup Light,20mL,N/A,$35.00,N/A,https://foodlandbalaklava.com.au//lines/maybell-fnd-4in1-01-lght-20ml
Foodland Balaklava,2025-05-04 23:58:30,Maybelline New York Maybelline Lash Sensational Sky High Washable Mascara - Blackest Black,7.2mL,N/A,$26.00,N/A,https://foodlandbalaklava.com.au//lines/maybell-mas-lsh-sky-blk-9-5ml
Foodland Balaklava,2025-05-04 23:58:30,Maybelline New York Maybelline Lash Sensational Sky High Waterproof Mascara - Very Black,6mL,N/A,$26.00,N/A,https://foodlandbalaklava.com.au//lines/maybell-mas-lsh-sky-prof-9-5ml
Foodland Balaklava,2025-05-04 23:58:30,Maybelline New York Maybelline The Falsies Lash Lift Volumising Mascara - Blackest Black,9.6mL,N/A,$26.00,N/A,https://foodlandbalaklava.com.au//lines/maybell-flsies-lft-blk-blk9-6m-1
Foodland Balaklava,2025-05-04 23:58:30,Maybelline New York The Falsies Surreal Extensions Mascara,10mL,N/A,$27.00,N/A,https://foodlandbalaklava.com.au//lines/maybell-mas-flsies-ext-ws-10ml
Foodland Balaklava,2025-05-04 23:58:30,Mc Ilhenny Co Tabasco Sauce,256mL,was $6.30,$5.65,$2.21 per 100mL,https://foodlandbalaklava.com.au//lines/tabasco-sce-swt-spcy-256ml
Foodland Balaklava,2025-05-04 23:58:30,Mc Potato Scallops,760g,N/A,$9.55,$12.57 per kg,https://foodlandbalaklava.com.au//lines/mc-cuisine-potato-scallops-760g
Foodland Balaklava,2025-05-04 23:58:30,Mcc P/​Styl Broc Fries,500g,was $6.85,$5.15,$10.30 per kg,https://foodlandbalaklava.com.au//lines/mcc-p-styl-broc-fries-500gm
Foodland Balaklava,2025-05-04 23:58:30,Mcc Pizza Pckt BBQ Mtlvr,400g,was $8.95,$7.55,$1.89 per 100g,https://foodlandbalaklava.com.au//lines/mcc-pizza-pckt-bbq-mtlvr-400g
Foodland Balaklava,2025-05-04 23:58:30,Mccain Air Fryer Chips Skin On,750g,N/A,$6.10,$8.13 per kg,https://foodlandbalaklava.com.au//lines/mcc-chips-afryr-skin-on-750g
Foodland Balaklava,2025-05-04 23:58:30,Mccain Cheese & Bacon Pizza Pockets,400g,was $8.95,$7.55,$1.89 per 100g,https://foodlandbalaklava.com.au//lines/mcc-pizza-pckt-chs-bacon-400gm
Foodland Balaklava,2025-05-04 23:58:30,Mccain Gluten Free Thin Cut Chip,750g,was $5.80,$4.95,$6.60 per kg,https://foodlandbalaklava.com.au//lines/mcc-chips-thin-cut-g-f-750gm
Foodland Balaklava,2025-05-04 23:58:30,Mccain Hawaiian Pizza Pockets 4 Pack,400g,was $8.95,$7.55,$1.89 per 100g,https://foodlandbalaklava.com.au//lines/mcc-pizza-pckt-hawaiian-400gm
Foodland Balaklava,2025-05-04 23:58:30,Mccain Healthy Choice Thai Green Curry,280g,was $5.25,$4.50,$1.61 per 100g,https://foodlandbalaklava.com.au//lines/mcc-h-choice-thai-grn-cury280g-1
Foodland Balaklava,2025-05-04 23:58:30,Mccain Japlepē​no Cheese Nuggets Pickers,230g,N/A,$7.90,$3.43 per 100g,https://foodlandbalaklava.com.au//lines/pickers-nuggets-jalp-chs-230g
Foodland Balaklava,2025-05-04 23:58:30,Mccain Man Size Chicken Kiev,480g,was $10.00,$8.60,$1.79 per 100g,https://foodlandbalaklava.com.au//lines/mcc-man-size-chicken-kiev-500g
Foodland Balaklava,2025-05-04 23:58:30,Mccain Nacho Cheese Triange Pickers,230g,N/A,$7.90,$3.43 per 100g,https://foodlandbalaklava.com.au//lines/pickers-triangles-nac-chs230gm
Foodland Balaklava,2025-05-04 23:58:30,Mccain Pub Size Bacon Carbonara,500g,was $10.50,$9.25,$1.85 per 100g,https://foodlandbalaklava.com.au//lines/mcc-p-sze-bacn-carbonara-500gm
Foodland Balaklava,2025-05-04 23:58:30,Mccain Pub Size Crumbed Lamb,480g,was $10.50,$9.25,$1.93 per 100g,https://foodlandbalaklava.com.au//lines/mcc-p-sze-lamb-crumbed-480gm
Foodland Balaklava,2025-05-04 23:58:30,Mccain Pub Size Spaghetti Meatball,500g,was $10.00,$8.60,$1.72 per 100g,https://foodlandbalaklava.com.au//lines/mcc-m-sze-spag-meatball-500gm
Foodland Balaklava,2025-05-04 23:58:30,Mccain Pub Style Beer Battered Steakfries,750g,was $6.10,$5.70,$7.60 per kg,https://foodlandbalaklava.com.au//lines/mcc-stk-fries-beer-bat-750gm
Foodland Balaklava,2025-05-04 23:58:30,Mccain Pub Style Crispy Cauliflower Fries,500g,was $6.85,$5.15,$10.30 per kg,https://foodlandbalaklava.com.au//lines/mcc-p-styl-cauli-fries-500gm
Foodland Balaklava,2025-05-04 23:58:30,Mccain Quick Cook Chips Straight Cut,750g,N/A,$6.10,$8.13 per kg,https://foodlandbalaklava.com.au//lines/mcc-chips-qk-ck-str-cut-750gm
Foodland Balaklava,2025-05-04 23:58:30,Mccain Quick Cook Crinkle Cut,750g,N/A,$6.10,$8.13 per kg,https://foodlandbalaklava.com.au//lines/mcc-chips-qk-ck-crink-cut750gm
Foodland Balaklava,2025-05-04 23:58:30,Mccain Red Box Dinner Fettuccine Carbonara,375g,N/A,$5.60,$1.49 per 100g,https://foodlandbalaklava.com.au//lines/mcc-redbox-fett-carbonar-375gm
Foodland Balaklava,2025-05-04 23:58:30,Mccain Red Box Dinner Roast Lamb 320,N/A,was $6.50,$6.00,$1.88 per 100g,https://foodlandbalaklava.com.au//lines/mcc-redbox-rst-lamb-320gm
Foodland Balaklava,2025-05-04 23:58:30,Mccain Red Box Dinner Veal Cordon Bleu 320,N/A,was $6.50,$6.00,$1.88 per 100g,https://foodlandbalaklava.com.au//lines/mcc-redbox-veal-cord-bleu320gm
Foodland Balaklava,2025-05-04 23:58:30,Mccain Rustica Thin & Crispy Margherita Pizza,360g,was $11.55,$10.20,$2.83 per 100g,https://foodlandbalaklava.com.au//lines/mcc-pizza-rustica-marg-360gm
Foodland Balaklava,2025-05-04 23:58:30,Mccain Rustica Thin & Crispy Salami & Four Cheese Pizza,335g,was $11.55,$10.20,$3.04 per 100g,https://foodlandbalaklava.com.au//lines/mcc-pizza-rustica-sl-4chs335gm
Foodland Balaklava,2025-05-04 23:58:30,Mccain Spaghetti Bolognese Portrait,400g,N/A,$5.60,$1.40 per 100g,https://foodlandbalaklava.com.au//lines/mcc-redbox-spag-bolognse-400gm
Foodland Balaklava,2025-05-04 23:58:30,Mccain Spicy Onion Ring Pickers,350g,N/A,$7.90,$2.26 per 100g,https://foodlandbalaklava.com.au//lines/pickers-onion-rings-spicy350gm
Foodland Balaklava,2025-05-04 23:58:30,Mccains Pizza Rustica Australian Angus Beef,370g,was $11.55,$10.20,$2.76 per 100g,https://foodlandbalaklava.com.au//lines/mcc-pizza-rustica-ang-bf-370gm
Foodland Balaklava,2025-05-04 23:58:30,Mccains Pub Size BBQ Pizza,480mL,was $10.50,$9.25,$1.93 per 100g,https://foodlandbalaklava.com.au//lines/mcc-p-sze-bbq-m-l-parma-480gm
Foodland Balaklava,2025-05-04 23:58:30,Mccain’​S Margherita Pizza Slices,540g,was $9.45,$7.00,$1.30 per 100g,https://foodlandbalaklava.com.au//lines/mcc-pizza-slces-marg-540g
Foodland Balaklava,2025-05-04 23:58:30,Mcclintocks Vanila Fridge Cleaner,500mL,N/A,$6.00,$1.20 per 100mL,https://foodlandbalaklava.com.au//lines/mclintocks-van-frsh-wipe-500ml
Foodland Balaklava,2025-05-04 23:58:30,Mccor Basil Leaves,10g,N/A,$2.70,$2.70 per 10g,https://foodlandbalaklava.com.au//lines/mccor-basil-leaves-10g
Foodland Balaklava,2025-05-04 23:58:30,Mccor Black Pepper Whole,44g,N/A,$2.45,$0.56 per 10g,https://foodlandbalaklava.com.au//lines/mccor-black-pepper-whole-44g
Foodland Balaklava,2025-05-04 23:58:30,Mccor Bush Spice Seasoning,138g,N/A,$5.35,$3.88 per 100g,https://foodlandbalaklava.com.au//lines/mccor-bush-spice-seasoning-138g
Foodland Balaklava,2025-05-04 23:58:30,Mccor Cardamom Ground,35g,N/A,$5.00,$1.43 per 10g,https://foodlandbalaklava.com.au//lines/mccor-cardamom-ground-35g
Foodland Balaklava,2025-05-04 23:58:30,Mccor Chinese Five Spice,40g,N/A,$3.10,$0.78 per 10g,https://foodlandbalaklava.com.au//lines/mccor-chinese-five-spice-40g
Foodland Balaklava,2025-05-04 23:58:30,Mccor Chives Chopped,4g,N/A,$3.10,$7.75 per 10g,https://foodlandbalaklava.com.au//lines/mccor-chives-chopped-4g
Foodland Balaklava,2025-05-04 23:58:30,MCCOR CHK/​PAP/​ON SEASONING,50g,N/A,$3.00,$0.60 per 10g,https://foodlandbalaklava.com.au//lines/mccor-chicken-seasoning-50g
Foodland Balaklava,2025-05-04 23:58:30,Mccor Cinnamon Sticks,13g,N/A,$4.10,$3.15 per 10g,https://foodlandbalaklava.com.au//lines/mccor-cinnamon-sticks-13g
Foodland Balaklava,2025-05-04 23:58:30,Mccor Coriander Ground,29g,N/A,$2.90,$1.00 per 10g,https://foodlandbalaklava.com.au//lines/mccor-coriander-ground-29g
Foodland Balaklava,2025-05-04 23:58:30,Mccor Garlic Salt,73g,N/A,$2.60,$0.36 per 10g,https://foodlandbalaklava.com.au//lines/mccor-garlic-salt-73g
Foodland Balaklava,2025-05-04 23:58:30,Mccor Grl Mates Pep Stk #​142gm,N/A,N/A,$5.90,$0.42 per 10g,https://foodlandbalaklava.com.au//lines/mccor-grl-mates-pep-stk-142gm
Foodland Balaklava,2025-05-04 23:58:30,Mccor Italian Herb,15g,N/A,$3.75,$3.41 per 10g,https://foodlandbalaklava.com.au//lines/mccor-italian-herb-15g
Foodland Balaklava,2025-05-04 23:58:31,Mccor Lemon Pepper,46g,N/A,$3.85,$0.84 per 10g,https://foodlandbalaklava.com.au//lines/mccor-lemon-pepper-46g
Foodland Balaklava,2025-05-04 23:58:31,Mccor Mixed Spice,34g,N/A,$3.55,$1.04 per 10g,https://foodlandbalaklava.com.au//lines/mccor-mixed-spice-34g
Foodland Balaklava,2025-05-04 23:58:31,Mccor Oregano Ground,33g,N/A,$3.80,$1.15 per 10g,https://foodlandbalaklava.com.au//lines/mccor-oregano-ground-33g
Foodland Balaklava,2025-05-04 23:58:31,Mccor Paprika Smoked,40g,N/A,$3.60,$0.90 per 10g,https://foodlandbalaklava.com.au//lines/mccor-paprika-smoked-40g
Foodland Balaklava,2025-05-04 23:58:31,Mccor Steak Seasoning,46g,N/A,$3.80,$0.83 per 10g,https://foodlandbalaklava.com.au//lines/mccor-steak-seasoning-46g
Foodland Balaklava,2025-05-04 23:58:31,Mccor Steak Seasoning,58g,N/A,$3.95,$0.68 per 10g,https://foodlandbalaklava.com.au//lines/mccor-steak-seasoning-58g
Foodland Balaklava,2025-05-04 23:58:31,Mccor Steak Spice #​175gm,N/A,N/A,$5.80,$3.31 per 100g,https://foodlandbalaklava.com.au//lines/mccor-steak-spice-175gm
Foodland Balaklava,2025-05-04 23:58:31,Mccormick Cajun Seasoning,44g,N/A,$3.60,$0.82 per 10g,https://foodlandbalaklava.com.au//lines/mccor-cajun-seasoning-44g
Foodland Balaklava,2025-05-04 23:58:31,Mccormick Cayenne Pepper,32g,N/A,$4.30,$1.34 per 10g,https://foodlandbalaklava.com.au//lines/mccor-cayenne-pepper-32g
Foodland Balaklava,2025-05-04 23:58:31,Mccormick Dill,10g,N/A,$3.30,$3.30 per 10g,https://foodlandbalaklava.com.au//lines/mccor-dill-10g
Foodland Balaklava,2025-05-04 23:58:31,Mccormick Grill Mates Mediterranean Chicken,95g,N/A,$5.90,$0.42 per 10g,https://foodlandbalaklava.com.au//lines/mccor-grl-mates-medit-chk-95gm
Foodland Balaklava,2025-05-04 23:58:31,Mccormick Ground Cinnamon,39g,N/A,$2.75,$6.88 per 10g,https://foodlandbalaklava.com.au//lines/mccor-cinnamon-ground-39g
Foodland Balaklava,2025-05-04 23:58:31,Mccormick Ground Nutmeg,40g,N/A,$3.70,$0.92 per 10g,https://foodlandbalaklava.com.au//lines/mccor-nutmeg-ground-40g
Foodland Balaklava,2025-05-04 23:58:31,Mccormick Ground Turmeric,37g,N/A,$2.90,$2.07 per 10g,https://foodlandbalaklava.com.au//lines/mccor-tumeric-ground-37g
Foodland Balaklava,2025-05-04 23:58:31,Mccormick Italian Herbs Seasoning,11g,N/A,$3.50,$1.35 per 10g,https://foodlandbalaklava.com.au//lines/mccor-italian-herb-season-11g
Foodland Balaklava,2025-05-04 23:58:31,Mccormick Onion Powder,45g,N/A,$3.85,$0.86 per 10g,https://foodlandbalaklava.com.au//lines/mccor-onion-powder-45g
Foodland Balaklava,2025-05-04 23:58:31,Mccormick Oregano Leaves,10g,N/A,$2.60,$2.60 per 10g,https://foodlandbalaklava.com.au//lines/mccor-oregano-leaves-10g
Foodland Balaklava,2025-05-04 23:58:31,McCormick Produce Partners Cauliflower Supreme with Cheese,40g,was $1.95,$1.65,$0.41 per 10g,https://foodlandbalaklava.com.au//lines/mccor-p-p-crm-caul-suprme-40gm-1
Foodland Balaklava,2025-05-04 23:58:31,McCormick Produce Partners Mashed Potato Sour Cream & Chives,40g,was $1.95,$1.65,$0.41 per 10g,https://foodlandbalaklava.com.au//lines/mccor-p-p-pot-mash-s-crm-c40gm-1
Foodland Balaklava,2025-05-04 23:58:31,McCormick Produce Partners Scalloped Potatoes,40g,was $1.95,$1.65,$0.41 per 10g,https://foodlandbalaklava.com.au//lines/mccor-p-p-crm-scalop-pot-40gm
Foodland Balaklava,2025-05-04 23:58:31,Mccormick Seasoning Garlic Steak,150g,N/A,$6.00,$0.33 per 10g,https://foodlandbalaklava.com.au//lines/mccor-seas-garlic-steak-150gm
Foodland Balaklava,2025-05-04 23:58:31,McCormick Slow Cook Beef & Red Wine,40g,was $1.95,$1.55,$0.39 per 10g,https://foodlandbalaklava.com.au//lines/mccor-s-c-bf-r-wine-cass-40gm-1
Foodland Balaklava,2025-05-04 23:58:31,McCormick Slow Cook Chicken Bacon Mushroom,40g,was $1.95,$1.55,$0.39 per 10g,https://foodlandbalaklava.com.au//lines/mccor-s-c-chk-bacon-m-rm-40gm
Foodland Balaklava,2025-05-04 23:58:31,McCormick Slow Cook Chicken Casserole,40g,was $1.95,$1.55,$0.39 per 10g,https://foodlandbalaklava.com.au//lines/mccor-s-c-c-chicken-cass-40gm
Foodland Balaklava,2025-05-04 23:58:31,McCormick Slow Cook Garlic Herb & Lamb,40g,was $1.95,$1.55,$0.39 per 10g,https://foodlandbalaklava.com.au//lines/mccor-s-c-gar-herb-lamb-40gm-1
Foodland Balaklava,2025-05-04 23:58:31,Mccormick Thyme,14g,N/A,$3.45,$2.46 per 10g,https://foodlandbalaklava.com.au//lines/mccor-thyme-14g
Foodland Balaklava,2025-05-04 23:58:31,Mcguigan Zero Alcohol Free Sauvignon Blanc,750mL,was $10.50,$9.50,$12.67 per L,https://foodlandbalaklava.com.au//lines/mcguigan-zero-sauv-blanc-750ml
Foodland Balaklava,2025-05-04 23:58:31,Mcguigan Zero Alcohol Free Shiraz,750mL,was $10.50,$9.50,$12.67 per L,https://foodlandbalaklava.com.au//lines/mcguigan-zero-shiraz-750ml
Foodland Balaklava,2025-05-04 23:58:31,Mcguigan Zero Alcohol Free Sparkling,750mL,was $10.50,$9.50,$12.67 per L,https://foodlandbalaklava.com.au//lines/mcguigan-zero-sparkling-750ml
Foodland Balaklava,2025-05-04 23:58:31,Mcken Beans Borlotti #​375gm,N/A,N/A,$2.30,$6.13 per kg,https://foodlandbalaklava.com.au//lines/mcken-beans-borlotti-375gm
Foodland Balaklava,2025-05-04 23:58:31,Mcken Carb Soda,1kg,N/A,$4.15,$0.42 per 100g,https://foodlandbalaklava.com.au//lines/mcken-carb-soda-1kg
Foodland Balaklava,2025-05-04 23:58:31,Mcken Coconut Shaved,150g,N/A,$4.45,$29.67 per kg,https://foodlandbalaklava.com.au//lines/mcken-coconut-shaved-150gm
Foodland Balaklava,2025-05-04 23:58:31,Mcken Cream Stabiliser,60g,N/A,$3.40,$5.67 per 100g,https://foodlandbalaklava.com.au//lines/mcken-cream-stabiliser-60gm
Foodland Balaklava,2025-05-04 23:58:31,Mcken Curry Powder,100g,was $2.90,$2.50,$2.50 per 100g,https://foodlandbalaklava.com.au//lines/mcken-curry-powder-100gm
Foodland Balaklava,2025-05-04 23:58:31,Mcken Flour Oat,250g,N/A,$4.20,$16.80 per kg,https://foodlandbalaklava.com.au//lines/mcken-flour-oat-250gm
Foodland Balaklava,2025-05-04 23:58:31,Mcken Gelatine Sachets,20g,N/A,$5.95,$29.75 per 100g,https://foodlandbalaklava.com.au//lines/mcken-gelatine-sachets-20gm
Foodland Balaklava,2025-05-04 23:58:31,Mcken Grndr P/​Corn Blnd #​55gm,N/A,N/A,$4.95,$0.90 per 10g,https://foodlandbalaklava.com.au//lines/mcken-grndr-p-corn-blnd-55gm
Foodland Balaklava,2025-05-04 23:58:31,Mcken Nutmeg Ground,50g,was $3.15,$2.75,$0.55 per 10g,https://foodlandbalaklava.com.au//lines/mcken-nutmeg-ground-50gm
Foodland Balaklava,2025-05-04 23:58:31,Mcken Peanuts Crushed #​150gm,N/A,N/A,$5.00,$33.33 per kg,https://foodlandbalaklava.com.au//lines/mcken-peanuts-crushed-150gm
Foodland Balaklava,2025-05-04 23:58:31,Mcken Peas Split Yellow,1kg,N/A,$3.35,$3.35 per kg,https://foodlandbalaklava.com.au//lines/mcken-peas-split-yellow-1kg
Foodland Balaklava,2025-05-04 23:58:31,Mcken Pep/​Crn Blended,200g,N/A,$6.25,$0.31 per 10g,https://foodlandbalaklava.com.au//lines/mcken-pep-crn-blended-200gm
Foodland Balaklava,2025-05-04 23:58:31,Mcken Tartaric Acid #​75gm,N/A,N/A,$3.55,$4.73 per 100g,https://foodlandbalaklava.com.au//lines/mcken-tartaric-acid-75gm
Foodland Balaklava,2025-05-04 23:58:31,Mckenzie's 12 Blend Soup Mix,375g,N/A,$2.30,$6.13 per kg,https://foodlandbalaklava.com.au//lines/mcken-lentils-12-blend-375gm
Foodland Balaklava,2025-05-04 23:58:31,Mckenzie's Australia Natural Sea Salt,400g,N/A,$6.25,$1.56 per 100g,https://foodlandbalaklava.com.au//lines/mcken-shake-pour-salt-sea-400g
Foodland Balaklava,2025-05-04 23:58:31,Mckenzie's Chick Peas,375g,N/A,$1.60,$4.27 per kg,https://foodlandbalaklava.com.au//lines/mcken-peas-chick-375gm
Foodland Balaklava,2025-05-04 23:58:31,Mckenzie's Green Split Peas,500g,N/A,$1.60,$3.20 per kg,https://foodlandbalaklava.com.au//lines/mcken-peas-green-split-500gm
Foodland Balaklava,2025-05-04 23:58:31,Mckenzie's Ground Black Pepper,100g,N/A,$4.40,$0.44 per 10g,https://foodlandbalaklava.com.au//lines/mcken-pepper-black-ground100gm
Foodland Balaklava,2025-05-04 23:58:31,Mckenzie's Mckenzies Arrowroot,175g,N/A,$2.00,$1.14 per 100g,https://foodlandbalaklava.com.au//lines/mcken-arrowroot-175gm
Foodland Balaklava,2025-05-04 23:58:32,Mckenzie's Mckenzies Italian Style Soup Mix,375g,N/A,$2.30,$6.13 per kg,https://foodlandbalaklava.com.au//lines/mcken-soup-mix-italian-375gm
Foodland Balaklava,2025-05-04 23:58:32,Mckenzie's Mckenzies Whole Green Lentils,375g,N/A,$2.30,$6.13 per kg,https://foodlandbalaklava.com.au//lines/mcken-lentils-green-whl-375gm
Foodland Balaklava,2025-05-04 23:58:32,Mckenzie's Mckenzies Yellow Split Peas,500g,N/A,$1.60,$3.20 per kg,https://foodlandbalaklava.com.au//lines/mcken-peas-yellow-split-500gm
Foodland Balaklava,2025-05-04 23:58:32,Mckenzie's Pearl Barley,500g,N/A,$1.60,$3.20 per kg,https://foodlandbalaklava.com.au//lines/mcken-pearl-barley-500gm
Foodland Balaklava,2025-05-04 23:58:32,Mckenzie's Salt Himalayan#​450g,N/A,N/A,$6.25,$1.39 per 100g,https://foodlandbalaklava.com.au//lines/mckenzie-s-salt-himalayan-450g
Foodland Balaklava,2025-05-04 23:58:32,Mckenzie's Soup Mix,500g,N/A,$1.60,$3.20 per kg,https://foodlandbalaklava.com.au//lines/mcken-soup-mix-500gm
Foodland Balaklava,2025-05-04 23:58:32,Mckenzies Chickpea Flour,330g,N/A,$4.20,$12.73 per kg,https://foodlandbalaklava.com.au//lines/mcken-flour-chickpea-330gm-1
Foodland Balaklava,2025-05-04 23:58:32,Mckenzies Coconut Flour,330g,N/A,$4.20,$12.73 per kg,https://foodlandbalaklava.com.au//lines/mcken-flour-coconut-330gm-1
Foodland Balaklava,2025-05-04 23:58:32,Mckenzies Desiccated Coconut,500g,N/A,$7.35,$14.70 per kg,https://foodlandbalaklava.com.au//lines/mcken-coconut-500gm
Foodland Balaklava,2025-05-04 23:58:32,Mckenzies Dried Baker’​S Yeast,200g,N/A,$5.90,$2.95 per 100g,https://foodlandbalaklava.com.au//lines/mcken-yeast-bakers-dried-200gm
Foodland Balaklava,2025-05-04 23:58:32,Mckenzies Grinder Pink Rock Salt,410g,N/A,$8.95,$2.18 per 100g,https://foodlandbalaklava.com.au//lines/mcken-grndr-salt-pnk-rck-410gm
Foodland Balaklava,2025-05-04 23:58:32,Mckenzies Ground White Pepper,50g,N/A,$3.35,$0.67 per 10g,https://foodlandbalaklava.com.au//lines/mcken-pepper-white-ground-50gm
Foodland Balaklava,2025-05-04 23:58:32,Mckenzies Himalayan Pink Salt Pet,400g,N/A,$6.25,$1.56 per 100g,https://foodlandbalaklava.com.au//lines/mcken-r-salt-hmlyan-pink-400gm
Foodland Balaklava,2025-05-04 23:58:32,Mckenzies Minced Ginger,75g,was $3.70,$3.25,$0.43 per 10g,https://foodlandbalaklava.com.au//lines/mcken-ginger-minced-75g
Foodland Balaklava,2025-05-04 23:58:32,Mckenzies Moist Coconut Flakes,225g,N/A,$4.40,$19.56 per kg,https://foodlandbalaklava.com.au//lines/mcken-coconut-flake-moist225gm
Foodland Balaklava,2025-05-04 23:58:32,Mckenzies Red Kidney Beans,375g,N/A,$2.30,$6.13 per kg,https://foodlandbalaklava.com.au//lines/mcken-beans-kidney-red-375gm
Foodland Balaklava,2025-05-04 23:58:32,Mckenzies Sea Salt Grinder,115g,was $4.95,$4.25,$3.70 per 100g,https://foodlandbalaklava.com.au//lines/mcken-grndr-salt-sea-115gm
Foodland Balaklava,2025-05-04 23:58:32,Mckenzies Whole Black Pepper Grinder,200g,N/A,$8.95,$0.45 per 10g,https://foodlandbalaklava.com.au//lines/mcken-grndr-pepp-whl-blk-200gm
Foodland Balaklava,2025-05-04 23:58:32,Mckenzies Whole Black Peppercorns Pet,200g,N/A,$6.25,$0.31 per 10g,https://foodlandbalaklava.com.au//lines/mcken-shake-pour-pep-blk-200gm
Foodland Balaklava,2025-05-04 23:58:32,Mckenzie’​S Minced Garlic,80g,was $3.70,$3.25,$0.41 per 10g,https://foodlandbalaklava.com.au//lines/mcken-garlic-minced-80g
Foodland Balaklava,2025-05-04 23:58:32,Mclintocks Van Frsh Refill,1L,N/A,$8.00,$8.00 per L,https://foodlandbalaklava.com.au//lines/mclintocks-van-frsh-refill-1l
Foodland Balaklava,2025-05-04 23:58:32,Mclintocks Vanilla Wipes 100s,N/A,N/A,$10.00,$0.10 Each,https://foodlandbalaklava.com.au//lines/mclintocks-vanilla-wipes-100s
Foodland Balaklava,2025-05-04 23:58:32,Mcvities Biscuits Dark Chocolate Digestives,266g,N/A,$5.80,$2.18 per 100g,https://foodlandbalaklava.com.au//lines/mcvities-digest-drk-choc-266gm
Foodland Balaklava,2025-05-04 23:58:32,Mcvities Biscuits Dark Chocolate Top,100g,N/A,$2.65,$2.65 per 100g,https://foodlandbalaklava.com.au//lines/mcvities-digest-ch-tp-drk100gm
Foodland Balaklava,2025-05-04 23:58:32,Mcvities Biscuits Lemon Top,100g,N/A,$2.65,$2.65 per 100g,https://foodlandbalaklava.com.au//lines/mcvities-lemtops-100gm
Foodland Balaklava,2025-05-04 23:58:32,Mcvities Biscuits Milk Chocolate Top,100g,N/A,$2.65,$2.65 per 100g,https://foodlandbalaklava.com.au//lines/mcvities-digest-ch-tp-mlk100gm
Foodland Balaklava,2025-05-04 23:58:32,Mcvities Biscuits Oat Snap Hobnobs,255g,N/A,$4.20,$1.65 per 100g,https://foodlandbalaklava.com.au//lines/mcvities-hobnobs-255gm
Foodland Balaklava,2025-05-04 23:58:32,Mcvities Go Ahead Forrest Fruit Flavoured Crispy Slices,174g,N/A,$5.25,$3.02 per 100g,https://foodlandbalaklava.com.au//lines/mcvities-go-ahd-frst-frt-174gm
Foodland Balaklava,2025-05-04 23:58:32,Mcvitties Go Ahead,174g,N/A,$5.25,$3.02 per 100g,https://foodlandbalaklava.com.au//lines/mcvities-go-ahd-sult-apl-174gm
Foodland Balaklava,2025-05-04 23:58:32,Meadowlea Original Margarine,250g,N/A,$2.90,$1.16 per 100g,https://foodlandbalaklava.com.au//lines/meadow-lea-sprd-250gm
Foodland Balaklava,2025-05-04 23:58:32,Meadowlea Original Margarine,500g,was $5.25,$4.50,$0.90 per 100g,https://foodlandbalaklava.com.au//lines/meadow-lea-sprd-500gm
Foodland Balaklava,2025-05-04 23:58:32,Meadowlea Salt Reduced Spread,500g,was $5.25,$4.50,$0.90 per 100g,https://foodlandbalaklava.com.au//lines/meadow-lea-sprd-low-salt-500gm
Foodland Balaklava,2025-05-04 23:58:32,Meatloaf,N/A,was $27.99,$25.90,N/A,https://foodlandbalaklava.com.au//lines/meatloaf-1
Foodland Balaklava,2025-05-04 23:58:32,Medix Epsom Salts,1kg,N/A,$8.35,$0.84 per 100g,https://foodlandbalaklava.com.au//lines/medix-epsom-salts-1kg
Foodland Balaklava,2025-05-04 23:58:32,Medix Ibuprofen Fash Pain Relief Soft Gel Capsules 20,N/A,N/A,$5.05,$0.25 Each,https://foodlandbalaklava.com.au//lines/medix-ibuprofn-sft-gel-cap-20s
Foodland Balaklava,2025-05-04 23:58:32,Medix Ibuprofen Mini Caps,N/A,N/A,$4.45,$0.18 Each,https://foodlandbalaklava.com.au//lines/medix-ibuprofen-mini-caps-25s
Foodland Balaklava,2025-05-04 23:58:32,Medix Ibuprofen Tablets 24's,N/A,N/A,$3.85,$0.16 Each,https://foodlandbalaklava.com.au//lines/medix-ibuprofn-tablets-24s
Foodland Balaklava,2025-05-04 23:58:32,Medix Loz Hny & Lemon #​16s,N/A,N/A,$5.25,$0.33 Each,https://foodlandbalaklava.com.au//lines/medix-loz-hny-lemon-16s
Foodland Balaklava,2025-05-04 23:58:32,Meggles Eggs Extra Large,700g,N/A,$11.00,$1.57 per 100g,https://foodlandbalaklava.com.au//lines/meggles-eggs-extra-large-700gm
Foodland Balaklava,2025-05-04 23:58:32,Melameat Sauce Garlic,200mL,N/A,$4.59,$1.84 per 100g,https://foodlandbalaklava.com.au//lines/mela-sauce-garlic-200ml
Foodland Balaklava,2025-05-04 23:58:32,Melitta Coffee Filters 40pc,N/A,N/A,$2.50,$0.06 Each,https://foodlandbalaklava.com.au//lines/melitta-coffee-filters-40pc
Foodland Balaklava,2025-05-04 23:58:32,Mend Aid Butterfly Wound Closures With Non Adherent Pad,N/A,N/A,$4.99,$0.50 Each,https://foodlandbalaklava.com.au//lines/mend-aid-b-fly-wound-clsre-10pk
Foodland Balaklava,2025-05-04 23:58:32,"Mennen Lady Speed Stick, Women's Antiperspirant Deodorant, , Invisible Cool And Fresh Roll On, 24hr Protection",45g,was $4.75,$4.30,$9.56 per 100g,https://foodlandbalaklava.com.au//lines/mennen-spdstck-ldy-f-cool-45gm
Foodland Balaklava,2025-05-04 23:58:32,"Mennen Lady Speed Stick, Women's Antiperspirant Deodorant, , Orchard Blossom Roll On, 24hr Protection",45g,was $4.75,$4.30,$9.56 per 100g,https://foodlandbalaklava.com.au//lines/mennen-spdstck-ldy-orch-45gm-1
Foodland Balaklava,2025-05-04 23:58:32,Mennen Speed Stick Men Antiperspirant Deodorant Continuous Protection Fresh Rush 48 Hour Protection,55g,was $6.15,$5.20,$9.45 per 100g,https://foodlandbalaklava.com.au//lines/mennen-spdstck-24-7-fr-rsh-55g
Foodland Balaklava,2025-05-04 23:58:32,Mens Casual Beanie,N/A,was $4.00,$3.00,N/A,https://foodlandbalaklava.com.au//lines/mens-casual-beanie
Foodland Balaklava,2025-05-04 23:58:32,Mens Guyfront Trunk Talent Shot,N/A,was $25.00,$12.50,N/A,https://foodlandbalaklava.com.au//lines/bonds-trunk-men-guyfrnt-med1pk
Foodland Balaklava,2025-05-04 23:58:32,Mens Hankerchiefs 3pk,N/A,N/A,$10.00,N/A,https://foodlandbalaklava.com.au//lines/mens-hankerchiefs-3pk
Foodland Balaklava,2025-05-04 23:58:34,Mens Thermal Inslatd Socks S/​C,N/A,was $10.00,$9.00,N/A,https://foodlandbalaklava.com.au//lines/mens-thermal-inslatd-socks-s-c
Foodland Balaklava,2025-05-04 23:58:34,Mentholatum Deep Heat Extra Strength,100g,was $8.00,$6.80,$6.80 per 100g,https://foodlandbalaklava.com.au//lines/deep-heat-arthritis-crm-100gm
Foodland Balaklava,2025-05-04 23:58:34,Mentholatum Deep Heat Regular Rub,100g,was $8.70,$7.40,$7.40 per 100g,https://foodlandbalaklava.com.au//lines/mentholatum-deep-heat-rub100gm
Foodland Balaklava,2025-05-04 23:58:34,Mentos Candy Berry Mix Bottle,100g,was $4.40,$3.60,$3.60 per 100g,https://foodlandbalaklava.com.au//lines/mentos-berry-mix-100gm22
Foodland Balaklava,2025-05-04 23:58:34,Mentos Candy Fruit Roll Chewy Dragees,37.5g,was $1.70,$1.35,$3.65 per 100g,https://foodlandbalaklava.com.au//lines/mentos-fruit-37-5gm-1
Foodland Balaklava,2025-05-04 23:58:34,Mentos Candy Mint Roll 3 X Value Pack Chewy Dragees,112.5g,was $3.60,$3.20,$2.83 per 100g,https://foodlandbalaklava.com.au//lines/mentos-mint-m-pk-3x37-5gm
Foodland Balaklava,2025-05-04 23:58:34,Mentos Candy Mint Roll Chewy Dragees,37.5g,was $1.70,$1.35,$3.65 per 100g,https://foodlandbalaklava.com.au//lines/mentos-mint-37-5gm-1
Foodland Balaklava,2025-05-04 23:58:34,Mentos Candy Rainbow Roll Chewy Dragees,37.5g,was $1.70,$1.35,$3.65 per 100g,https://foodlandbalaklava.com.au//lines/mentos-rainbow-37-5gm
Foodland Balaklava,2025-05-04 23:58:34,Mentos Candy Spearmint 3 X Rolls Value Pack Chewy Dragees,112.5g,was $3.60,$3.20,$2.83 per 100g,https://foodlandbalaklava.com.au//lines/mentos-spearmint-m-pk-3x37-5gm
Foodland Balaklava,2025-05-04 23:58:34,Mentos Candy Spearmint Roll Chewy Dragees,37.5g,was $1.70,$1.35,$3.65 per 100g,https://foodlandbalaklava.com.au//lines/mentos-spearmint-37-5gm-1
Foodland Balaklava,2025-05-04 23:58:34,Mentos Clean Breath Peppermint,35g,was $3.15,$2.60,$7.43 per 100g,https://foodlandbalaklava.com.au//lines/mentos-cln-brth-pepmnt-35gm
Foodland Balaklava,2025-05-04 23:58:34,Mentos Clean Breath Spearmint,35g,was $3.15,$2.60,$7.43 per 100g,https://foodlandbalaklava.com.au//lines/mentos-cln-brth-smint-35gm
Foodland Balaklava,2025-05-04 23:58:34,Mentos Grape Flavour Sugar Free Chewing Gum Bottle,30g,was $2.45,$2.00,$6.67 per 100g,https://foodlandbalaklava.com.au//lines/mentos-p-frsh-gum-grpe-btl30gm
Foodland Balaklava,2025-05-04 23:58:34,Mentos Grape Flavoured Sour Gum Bottle,30g,was $2.45,$2.00,$6.67 per 100g,https://foodlandbalaklava.com.au//lines/mentos-p-frsh-gum-sr-grape-30gm
Foodland Balaklava,2025-05-04 23:58:34,Mentos Mint Candy Bottle,100g,was $4.40,$3.60,$3.60 per 100g,https://foodlandbalaklava.com.au//lines/mentos-mint-btl-100gm
Foodland Balaklava,2025-05-04 23:58:34,Mentos Pure Fresh Bubble Fresh Sugar Free Chewing Gum Pocket Bottle,30g,was $2.45,$2.00,$6.67 per 100g,https://foodlandbalaklava.com.au//lines/mentos-p-frsh-gum-bbl-frsh30gm
Foodland Balaklava,2025-05-04 23:58:34,Mentos Pure Fresh Spearmint Sugar Free Chewing Gum Pocket Bottle,30g,was $2.45,$2.00,$6.67 per 100g,https://foodlandbalaklava.com.au//lines/mentos-p-frsh-gum-s-mint-30gm
Foodland Balaklava,2025-05-04 23:58:34,Mentos Pure Fresh Strawberry Sugar Free Chewing Gum Pocket Bottle,30g,was $2.45,$2.00,$6.67 per 100g,https://foodlandbalaklava.com.au//lines/mentos-p-frsh-s-bry-pktbtl30gm
Foodland Balaklava,2025-05-04 23:58:34,Mentos Sour Strawberry Flavour Sugar Free Chewing Gum Bottle,30g,was $2.45,$2.00,$6.67 per 100g,https://foodlandbalaklava.com.au//lines/mentos-p-frsh-gum-sr-s-bry30gm
Foodland Balaklava,2025-05-04 23:58:34,Menz All Natural Crown Mints,200g,was $3.45,$3.25,$1.62 per 100g,https://foodlandbalaklava.com.au//lines/menz-crown-mints-a-nat-200gm
Foodland Balaklava,2025-05-04 23:58:34,Menz Almond Chocs,125g,was $6.70,$5.90,$4.72 per 100g,https://foodlandbalaklava.com.au//lines/menz-chocs-almonds-125gm
Foodland Balaklava,2025-05-04 23:58:34,Menz Choc Fruit/​Nut,150g,was $6.70,$5.90,$3.93 per 100g,https://foodlandbalaklava.com.au//lines/menz-choc-fruit-nut-150gm-1
Foodland Balaklava,2025-05-04 23:58:34,Menz Choc Sult 7010,150g,was $6.70,$5.90,$3.93 per 100g,https://foodlandbalaklava.com.au//lines/menz-choc-sult-7010-150gm-1
Foodland Balaklava,2025-05-04 23:58:34,Menz Chocolate Honeycomb Bumbles,525g,was $9.55,$7.50,$1.43 per 100g,https://foodlandbalaklava.com.au//lines/menz-bumbles-choc-h-comb-525gm
Foodland Balaklava,2025-05-04 23:58:34,Menz Crown Spearmints,200g,was $3.45,$3.25,$1.62 per 100g,https://foodlandbalaklava.com.au//lines/menz-crown-spearmints-200gm
Foodland Balaklava,2025-05-04 23:58:34,Menz Fruchocs,350g,was $11.55,$9.20,$2.63 per 100g,https://foodlandbalaklava.com.au//lines/menz-fruchocs-350gm
Foodland Balaklava,2025-05-04 23:58:34,Menz Fruchocs Apr/​Peach,650g,was $20.60,$12.00,$1.85 per 100g,https://foodlandbalaklava.com.au//lines/menz-fruchocs-apr-peach-650gm
Foodland Balaklava,2025-05-04 23:58:34,Menz Fruchocs Choc Ornge,135g,was $7.35,$6.55,$4.85 per 100g,https://foodlandbalaklava.com.au//lines/menz-fruchocs-choc-ornge-135g
Foodland Balaklava,2025-05-04 23:58:34,Menz Fruchocs Drk/​Chc,150g,was $6.70,$5.90,$3.93 per 100g,https://foodlandbalaklava.com.au//lines/menz-fruchocs-drk-chc-150gm
Foodland Balaklava,2025-05-04 23:58:34,Menz Fruchocs Trpl Treat,350g,was $11.65,$9.20,$2.63 per 100g,https://foodlandbalaklava.com.au//lines/menz-fruchocs-trpl-treat-350gm
Foodland Balaklava,2025-05-04 23:58:34,Menz Giant Fruchocs,300g,was $11.55,$9.20,$3.07 per 100g,https://foodlandbalaklava.com.au//lines/menz-fruchocs-giant-300gm
Foodland Balaklava,2025-05-04 23:58:34,Menz Strawberry Fruchocs,135g,was $6.70,$5.90,$4.37 per 100g,https://foodlandbalaklava.com.au//lines/menz-chocs-strawberry-135gm
Foodland Balaklava,2025-05-04 23:58:34,Menz White Chocolate Raspberry Fruchocs,135g,was $6.70,$5.90,$4.37 per 100g,https://foodlandbalaklava.com.au//lines/menz-fruchocs-wht-rasbry-135gm
Foodland Balaklava,2025-05-04 23:58:34,Men’​S Violet Crumble,130g,N/A,$6.30,$4.85 per 100g,https://foodlandbalaklava.com.au//lines/violet-crumble-h-cmb-pmnt130gm
Foodland Balaklava,2025-05-04 23:58:34,Mermaid Doll,N/A,N/A,$8.00,N/A,https://foodlandbalaklava.com.au//lines/mermaid-doll
Foodland Balaklava,2025-05-04 23:58:34,Mersey Valley Original Vintage Club Cheddar,180g,was $9.15,$6.90,$38.33 per kg,https://foodlandbalaklava.com.au//lines/m-vall-chse-vint-cheddar-180gm
Foodland Balaklava,2025-05-04 23:58:34,Mersey Valley Original Vintage Club Cheddar,235g,was $10.40,$9.60,$40.85 per kg,https://foodlandbalaklava.com.au//lines/m-vall-chse-vint-orig-235gm
Foodland Balaklava,2025-05-04 23:58:34,Mersey Valley Ploughmans Vintage Club Cheddar,235g,was $10.40,$9.60,$40.85 per kg,https://foodlandbalaklava.com.au//lines/m-vall-chse-vint-pl-mans-235gm
Foodland Balaklava,2025-05-04 23:58:34,Mersey Valley Vintage Club Pickled Onion,235g,was $10.40,$9.60,$40.85 per kg,https://foodlandbalaklava.com.au//lines/m-vall-chse-vint-pick-on-235gm
Foodland Balaklava,2025-05-04 23:58:34,Mersey Valley Vintage Jalapeno Cheddar,235g,was $10.40,$9.60,$40.85 per kg,https://foodlandbalaklava.com.au//lines/m-vall-chse-vint-jalapno-235g
Foodland Balaklava,2025-05-04 23:58:34,Metamucil Daily Fibre Supplement Smooth Orange Powder 48 Dose,283g,N/A,$23.00,$8.13 per 100g,https://foodlandbalaklava.com.au//lines/metamucil-smth-org-283gm
Foodland Balaklava,2025-05-04 23:58:34,Metamucil Multi-Health Fibre With 100% Psyllium Natural Psyllium Orange Granular 48 Dose,528g,N/A,$23.00,$4.36 per 100g,https://foodlandbalaklava.com.au//lines/metamucil-smth-org-gran-528gm
Foodland Balaklava,2025-05-04 23:58:34,Mf Apple Cider Vinegar,400mL,N/A,$3.00,$0.75 per 100mL,https://foodlandbalaklava.com.au//lines/mf-apple-cider-vinegar-400ml
Foodland Balaklava,2025-05-04 23:58:34,Micador Colour Fun Chalk,N/A,N/A,$1.68,N/A,https://foodlandbalaklava.com.au//lines/micador-jr-chalk-colourfun10pk
Foodland Balaklava,2025-05-04 23:58:34,Micador Paint Set 12 Colours,N/A,N/A,$11.87,N/A,https://foodlandbalaklava.com.au//lines/micador-set-paint-12-disc
Foodland Balaklava,2025-05-04 23:58:34,Mighty Soft Super Soft White Wraps,8 x 360g,N/A,$3.90,$1.08 per 100g,https://foodlandbalaklava.com.au//lines/mighty-soft-white-wrap-8pk-260g
Foodland Balaklava,2025-05-04 23:58:34,Mike's Beef Jerky Black Pepper,90g,N/A,$11.00,$12.22 per 100g,https://foodlandbalaklava.com.au//lines/mike-s-beef-jerky-black-pepper-90g
Foodland Balaklava,2025-05-04 23:58:34,Mil Lel Chse Parm Shrd,170g,was $7.25,$5.50,$32.35 per kg,https://foodlandbalaklava.com.au//lines/mil-lel-chse-parm-shred-170gm
Foodland Balaklava,2025-05-04 23:58:35,Mil Lel Chse Parm Shvd,170g,was $7.25,$5.50,$32.35 per kg,https://foodlandbalaklava.com.au//lines/mil-lel-chse-parmsn-shvd-170gm
Foodland Balaklava,2025-05-04 23:58:35,Mil Lel Extra Sharp Parmesan Shred,170g,was $7.25,$5.50,$32.35 per kg,https://foodlandbalaklava.com.au//lines/mil-lel-chse-parm-x-shrp-170gm
Foodland Balaklava,2025-05-04 23:58:35,Mil Lel Parmesan Block,250g,N/A,$10.95,$43.80 per kg,https://foodlandbalaklava.com.au//lines/mil-lel-chse-parms-blck-250gm
Foodland Balaklava,2025-05-04 23:58:35,Mildura Orange & Mango Fruit Drink,2L,was $4.75,$4.40,$2.20 per L,https://foodlandbalaklava.com.au//lines/mildura-drk-orange-mango-2l
Foodland Balaklava,2025-05-04 23:58:35,Mildura Orange & Mango Fruit Drink,500mL,was $3.30,$3.10,$6.20 per L,https://foodlandbalaklava.com.au//lines/mildura-jce-org-mango-500ml
Foodland Balaklava,2025-05-04 23:58:35,Milklab Almond,250mL,N/A,$2.10,$8.40 per L,https://foodlandbalaklava.com.au//lines/milklab-milk-almnd-250ml
Foodland Balaklava,2025-05-04 23:58:35,Milky Way Milk Chocolate Bar Whipped Nougat,22g,N/A,$0.90,$4.09 per 100g,https://foodlandbalaklava.com.au//lines/milky-way-bar-22gm
Foodland Balaklava,2025-05-04 23:58:35,Milton 30 Anti-Bacterial Tablets,N/A,N/A,$11.05,$0.37 Each,https://foodlandbalaklava.com.au//lines/milton-anti-bacterial-tab-30s
Foodland Balaklava,2025-05-04 23:58:35,Minecraft Stckr H/​Grph 3pk S/​C,N/A,N/A,$2.50,N/A,https://foodlandbalaklava.com.au//lines/minecraft-stckr-h-grph-3pk-s-c
Foodland Balaklava,2025-05-04 23:58:35,Mini Basket Ball,N/A,N/A,$12.99,N/A,https://foodlandbalaklava.com.au//lines/mini-basket-ball
Foodland Balaklava,2025-05-04 23:58:35,Mini Soccer Ball,N/A,N/A,$11.00,N/A,https://foodlandbalaklava.com.au//lines/soccer-ball-mini
Foodland Balaklava,2025-05-04 23:58:35,Minor Figures Oat Milk Barista Standard,1L,N/A,$4.00,$4.00 per L,https://foodlandbalaklava.com.au//lines/minor-figures-oat-milk-1l-1
Foodland Balaklava,2025-05-04 23:58:35,Mira Led Gls Bc Prl Ww,11W,was $8.66,$7.40,N/A,https://foodlandbalaklava.com.au//lines/mira-led-gls-bc-prl-ww-11w
Foodland Balaklava,2025-05-04 23:58:35,Mirabella 15 Led Light Globe,N/A,was $10.76,$9.20,N/A,https://foodlandbalaklava.com.au//lines/mirabella-led-gls-es-15w-2700k
Foodland Balaklava,2025-05-04 23:58:35,Mirabella Bayonet Glass Warm White Globes,5W,was $14.44,$11.70,$5.85 Each,https://foodlandbalaklava.com.au//lines/mira-led-gls-bc-5w-warm-wh-2pk
Foodland Balaklava,2025-05-04 23:58:35,Mirabella Clear Appliance Pilot Light Globe,25W,N/A,$4.36,N/A,https://foodlandbalaklava.com.au//lines/mirabella-app-clear-blstr-25w
Foodland Balaklava,2025-05-04 23:58:35,Mirabella Glass Led Cool White Light Globes,9W,was $14.44,$11.70,$5.85 Each,https://foodlandbalaklava.com.au//lines/mira-led-gls-bc-9w-cool-wh-2pk
Foodland Balaklava,2025-05-04 23:58:35,Mirabella Halo Gu10 Ww 4pk,50W,N/A,$21.11,$5.28 Each,https://foodlandbalaklava.com.au//lines/mirabella-halo-gu10-50w-ww-4pk
Foodland Balaklava,2025-05-04 23:58:35,Mirabella Heat Lamp Es,275W,N/A,$12.00,N/A,https://foodlandbalaklava.com.au//lines/mirabella-heat-lamp-es-275w-1p
Foodland Balaklava,2025-05-04 23:58:35,Mirabella Led 14 Watt Globe,N/A,was $10.76,$9.20,N/A,https://foodlandbalaklava.com.au//lines/mirabella-led-gls-es-14w-4000k
Foodland Balaklava,2025-05-04 23:58:35,Mirabella Led Candle Bc Pearl 6,N/A,N/A,$7.61,N/A,https://foodlandbalaklava.com.au//lines/mira-led-candl-bc-clr-6w
Foodland Balaklava,2025-05-04 23:58:35,Mirabella Led Candle Es Pearl 5.​5,N/A,N/A,$7.61,N/A,https://foodlandbalaklava.com.au//lines/mira-led-candl-es-prl-5-5w
Foodland Balaklava,2025-05-04 23:58:35,Mirabella Led Candle Ses Pearl 5.​5,N/A,N/A,$7.61,N/A,https://foodlandbalaklava.com.au//lines/mira-led-candl-ses-pearl-5-5w
Foodland Balaklava,2025-05-04 23:58:35,Mirabella Led Cool White Bayonet Light Globes,5W,was $14.44,$11.70,$5.85 Each,https://foodlandbalaklava.com.au//lines/mira-led-gls-bc-5w-4000k-cw2pk
Foodland Balaklava,2025-05-04 23:58:35,Mirabella Led Glass Bc Pearl Cw 9,N/A,was $8.66,$7.40,N/A,https://foodlandbalaklava.com.au//lines/mira-led-gls-bc-prl-cw-9w
Foodland Balaklava,2025-05-04 23:58:35,Mirabella Led Gls Bc,11W,was $8.66,$7.40,N/A,https://foodlandbalaklava.com.au//lines/mirabella-led-gls-bc-11w
Foodland Balaklava,2025-05-04 23:58:35,Mirabella Led Gls Bc Pearl 1pk,N/A,was $7.61,$6.15,N/A,https://foodlandbalaklava.com.au//lines/mira-led-gls-bc-prl-cw-5-5w
Foodland Balaklava,2025-05-04 23:58:35,Mirabella Led Gls Bc Pearl Warm White 1pk,N/A,was $7.61,$6.15,N/A,https://foodlandbalaklava.com.au//lines/mira-led-gls-bc-prl-ww-5-5w
Foodland Balaklava,2025-05-04 23:58:35,Mirabella Led Gls Bc Pearl Warm White 1pk,N/A,was $8.66,$7.40,N/A,https://foodlandbalaklava.com.au//lines/mira-led-gls-bc-prl-ww-9-9-5w
Foodland Balaklava,2025-05-04 23:58:35,Mirabella Led Gls Ed Pearl Warm White 1pk,N/A,was $8.66,$7.40,N/A,https://foodlandbalaklava.com.au//lines/mira-led-gls-es-prl-ww-11w
Foodland Balaklava,2025-05-04 23:58:35,Mirabella Led Gls Es 11 Watt,N/A,was $8.66,$7.40,N/A,https://foodlandbalaklava.com.au//lines/mirabella-led-gls-es-11w
Foodland Balaklava,2025-05-04 23:58:35,Mirabella Led Gls Es K Cool White,4000 x 5W,was $14.44,$11.70,$5.85 Each,https://foodlandbalaklava.com.au//lines/mira-led-gls-es-5w-4000k-cw2pk
Foodland Balaklava,2025-05-04 23:58:35,Mirabella Led Gls Es Pearl Cool White 1pk,N/A,was $7.61,$6.15,N/A,https://foodlandbalaklava.com.au//lines/mira-led-gls-es-prl-cw-5-5w
Foodland Balaklava,2025-05-04 23:58:35,Mirabella Led Gls Es Pearl Cool White 1pk,N/A,was $8.66,$7.40,N/A,https://foodlandbalaklava.com.au//lines/mira-led-gls-es-prl-cw-9w
Foodland Balaklava,2025-05-04 23:58:35,Mirabella Led Gls Es Pearl Warm White 1pk,N/A,was $7.61,$6.15,N/A,https://foodlandbalaklava.com.au//lines/mira-led-gls-es-prl-ww-5-5w
Foodland Balaklava,2025-05-04 23:58:35,Mirabella Led Gls Es Pearl Warm White 1pk,N/A,was $8.66,$7.40,N/A,https://foodlandbalaklava.com.au//lines/mira-led-gls-es-prl-ww-9w
Foodland Balaklava,2025-05-04 23:58:35,Mirabella Led Light Globe,2W,N/A,$7.61,N/A,https://foodlandbalaklava.com.au//lines/mirabella-led-rnd-bc-2w-250lm
Foodland Balaklava,2025-05-04 23:58:35,Mirabella Led Light Globe,2W,N/A,$7.61,N/A,https://foodlandbalaklava.com.au//lines/mirabella-led-candl-ses-clr-2w
Foodland Balaklava,2025-05-04 23:58:35,Mirabella Led Light Globe,8W,N/A,$14.70,N/A,https://foodlandbalaklava.com.au//lines/mirabella-led-fila-es-ww-8w
Foodland Balaklava,2025-05-04 23:58:35,Mirabella Led R50 Ses Ww,6W,N/A,$11.55,N/A,https://foodlandbalaklava.com.au//lines/mirabella-led-r50-ses-ww-6w
Foodland Balaklava,2025-05-04 23:58:35,Mirabella Led Rnd Es Prl Ww 6,N/A,N/A,$7.61,N/A,https://foodlandbalaklava.com.au//lines/mira-led-rnd-es-pearl-ww-5-5w
Foodland Balaklava,2025-05-04 23:58:35,Mirabella Led Round Pearl Light Globe,5W,N/A,$7.61,N/A,https://foodlandbalaklava.com.au//lines/mira-led-rnd-sbc-prl-ww-5w
Foodland Balaklava,2025-05-04 23:58:35,Mirabella Led Round Ses Pearl Ww 6,N/A,N/A,$7.61,N/A,https://foodlandbalaklava.com.au//lines/mira-led-rnd-ses-prl-ww-5w
Foodland Balaklava,2025-05-04 23:58:35,Mirabella Pilot Bayonet Cap Clear,2 x 15W,N/A,$3.78,$1.89 Each,https://foodlandbalaklava.com.au//lines/mirabella-pilot-bc-clr-15w-2pk
Foodland Balaklava,2025-05-04 23:58:35,Mirabella Pilot Es,2 x 15W,N/A,$3.78,$1.89 Each,https://foodlandbalaklava.com.au//lines/mirabella-pilot-es-15w-2pk
Foodland Balaklava,2025-05-04 23:58:35,Mirabella R80 10watt Reflector Light Globe,N/A,N/A,$14.18,N/A,https://foodlandbalaklava.com.au//lines/mirabella-led-r80-es-ww-10w
Foodland Balaklava,2025-05-04 23:58:35,Mirabella Reflector R63 Es 1pk,N/A,N/A,$8.93,N/A,https://foodlandbalaklava.com.au//lines/mirabella-reflector-r63-es-1pk
Foodland Balaklava,2025-05-04 23:58:35,Mirabella Warm White 4 Watt Edison Screw Light Globe,N/A,N/A,$10.76,N/A,https://foodlandbalaklava.com.au//lines/mirabella-led-fila-es-cl-ww-4w
Foodland Balaklava,2025-05-04 23:58:36,Mirabelle Gls Light Globe,14W,was $10.76,$9.20,N/A,https://foodlandbalaklava.com.au//lines/mirabella-led-gls-bc-14w-4000k
Foodland Balaklava,2025-05-04 23:58:36,Mirabelle Led Candle Light Globe,2W,N/A,$7.61,N/A,https://foodlandbalaklava.com.au//lines/mirabella-led-candl-bc-clr-2w
Foodland Balaklava,2025-05-04 23:58:36,Miss Chow's Dumpling Sce,240g,N/A,$8.50,$3.54 per 100g,https://foodlandbalaklava.com.au//lines/miss-chow-s-dumpling-sce-240g
Foodland Balaklava,2025-05-04 23:58:36,Mission Extreme Cheese Chips,230g,N/A,$4.50,$1.96 per 100g,https://foodlandbalaklava.com.au//lines/mission-corn-chp-ex-chse-230gm
Foodland Balaklava,2025-05-04 23:58:36,Mission Salsa Chunky Mild,300g,was $4.60,$4.20,$1.40 per 100g,https://foodlandbalaklava.com.au//lines/mission-salsa-chky-mild-300gm
Foodland Balaklava,2025-05-04 23:58:36,Mission Taco Seasoning,35g,was $2.10,$1.35,$3.86 per 100g,https://foodlandbalaklava.com.au//lines/mission-taco-seasoning-35gm
Foodland Balaklava,2025-05-04 23:58:36,Mitchum Men's Roll On Sport,50mL,was $5.05,$4.10,$8.20 per 100mL,https://foodlandbalaklava.com.au//lines/mitchum-r-on-sport-50ml
Foodland Balaklava,2025-05-04 23:58:36,Mixed Toy $​5.​00 Boys*,N/A,N/A,$5.00,N/A,https://foodlandbalaklava.com.au//lines/mixed-toy-5-00-boys
Foodland Balaklava,2025-05-04 23:58:36,Mixed Toys Girls $​5.​00,N/A,N/A,$5.00,N/A,https://foodlandbalaklava.com.au//lines/mixed-toys-girls-5-00
Foodland Balaklava,2025-05-04 23:58:36,Mobil Delvac Modern,1L,N/A,$16.28,$16.28 per L,https://foodlandbalaklava.com.au//lines/mobil-delvac-modern-15w40-1l
Foodland Balaklava,2025-05-04 23:58:36,Mobil Sup Fric Fight,4L,N/A,$47.78,N/A,https://foodlandbalaklava.com.au//lines/mobil-sup-1000x2-4l
Foodland Balaklava,2025-05-04 23:58:36,Moccona & Cadbury Caramel Mocha Coffee Sachets,132g,was $8.30,$3.95,$2.99 per 100g,https://foodlandbalaklava.com.au//lines/mocc-sach-cad-mocha-carml-8s
Foodland Balaklava,2025-05-04 23:58:36,Moccona & Cadbury Mocha Coffee Sachets,132g,was $8.30,$3.95,$2.99 per 100g,https://foodlandbalaklava.com.au//lines/mocc-sach-cad-mocha-8s
Foodland Balaklava,2025-05-04 23:58:36,Moccona Barista Reserve Dark Roast Espresso For Nespresso®​* Machines,N/A,was $7.55,$6.45,$12.40 per 100g,https://foodlandbalaklava.com.au//lines/mocc-caps-espresso-10pk
Foodland Balaklava,2025-05-04 23:58:36,Moccona Barista Reserve Latte Intensity 12 For Nespresso®​* Machines,10 x 5.2g,was $7.55,$6.45,$12.40 per 100g,https://foodlandbalaklava.com.au//lines/mocc-caps-ristretto-10pk
Foodland Balaklava,2025-05-04 23:58:36,Moccona Barista Reserve Medium Roast Lungo For Nespresso®​* Machines,N/A,was $7.55,$6.45,$12.40 per 100g,https://foodlandbalaklava.com.au//lines/mocc-caps-lungo-8-10pk
Foodland Balaklava,2025-05-04 23:58:36,Moccona Classic Dark Roast Freeze Dried Instant Coffee,100g,N/A,$15.25,$15.25 per 100g,https://foodlandbalaklava.com.au//lines/mocc-coff-f-dry-dark-rst-100gm
Foodland Balaklava,2025-05-04 23:58:36,Moccona Classic Dark Roast Freeze Dried Instant Coffee,200g,was $24.80,$16.50,$8.25 per 100g,https://foodlandbalaklava.com.au//lines/mocc-coff-f-dry-dark-rst-200gm
Foodland Balaklava,2025-05-04 23:58:36,Moccona Classic Medium Roast Freeze Dried Instant Coffee,50g,N/A,$9.25,$18.50 per 100g,https://foodlandbalaklava.com.au//lines/mocc-coff-f-dry-classic-50gm
Foodland Balaklava,2025-05-04 23:58:36,Moccona Double Shot Latte Coffee Sachets,140g,was $8.30,$3.95,$2.82 per 100g,https://foodlandbalaklava.com.au//lines/mocc-coff-sach-dbl-s-latte-10s
Foodland Balaklava,2025-05-04 23:58:36,Moccona French Style Freeze Dried Instant Coffee,200g,was $24.80,$16.50,$8.25 per 100g,https://foodlandbalaklava.com.au//lines/mocc-coff-f-dry-french-200gm
Foodland Balaklava,2025-05-04 23:58:36,Moccona Hazelnut Freeze Dried Instant Coffee,95g,N/A,$15.35,$16.16 per 100g,https://foodlandbalaklava.com.au//lines/mocc-coff-instant-hazelnut95gm
Foodland Balaklava,2025-05-04 23:58:36,Moccona Hot Iced Hazelnut Latte Coffee Sachets,8 x 17.8g,was $8.30,$3.95,$2.78 per 100g,https://foodlandbalaklava.com.au//lines/mocc-sach-iced-hot-hzln-latt8s
Foodland Balaklava,2025-05-04 23:58:36,Moccona Hot Iced Salted Caramel Latte Coffee Sachets,8 x 17.8g,was $8.30,$3.95,$2.78 per 100g,https://foodlandbalaklava.com.au//lines/mocc-sach-iced-hot-slt-crml-8s
Foodland Balaklava,2025-05-04 23:58:36,Moccona Intense Specialty Blend Freeze Dried Instant Coffee,200g,N/A,$25.85,$12.92 per 100g,https://foodlandbalaklava.com.au//lines/mocc-coff-f-dry-intense-200gm
Foodland Balaklava,2025-05-04 23:58:36,Moccona Latte Coffee Sachets,10 x 14.8g,was $8.30,$3.95,$2.67 per 100g,https://foodlandbalaklava.com.au//lines/mocc-coff-sach-latte-10s
Foodland Balaklava,2025-05-04 23:58:36,Moccona Latte Coffee Sachets,30 x 14.8g,N/A,$13.65,$3.07 per 100g,https://foodlandbalaklava.com.au//lines/mocc-coff-sach-latte-30s
Foodland Balaklava,2025-05-04 23:58:36,Moccona Mocha Kenya Style Freeze Dried Instant Coffee,200g,was $24.80,$16.50,$8.25 per 100g,https://foodlandbalaklava.com.au//lines/mocc-coff-f-dry-moc-kenya200gm
Foodland Balaklava,2025-05-04 23:58:36,Moccona Rich Specialty Blend Freeze Dried Instant Coffee,200g,N/A,$25.85,$12.92 per 100g,https://foodlandbalaklava.com.au//lines/mocc-coff-f-dry-rich-200gm
Foodland Balaklava,2025-05-04 23:58:36,Moccona Ristretto Freeze Dried Instant Coffee,200g,N/A,$25.85,$12.92 per 100g,https://foodlandbalaklava.com.au//lines/mocc-coff-f-dry-ristreto-200gm
Foodland Balaklava,2025-05-04 23:58:36,Moira Mac's Smoked Turkey Breast,400g,N/A,$11.95,$29.88 per kg,https://foodlandbalaklava.com.au//lines/moira-macs-turk-brst-smk-400g
Foodland Balaklava,2025-05-04 23:58:36,Moki Cable Lightning Syncharge,N/A,N/A,$26.24,N/A,https://foodlandbalaklava.com.au//lines/moki-cable-lightning-syncharge
Foodland Balaklava,2025-05-04 23:58:36,Moki Cable Type C 90,N/A,N/A,$20.99,N/A,https://foodlandbalaklava.com.au//lines/moki-cable-type-c-90cm
Foodland Balaklava,2025-05-04 23:58:36,Moki Micro Usb Syncharge Cable 1pk,N/A,N/A,$10.50,N/A,https://foodlandbalaklava.com.au//lines/moki-micro-usb-syncharge-cable
Foodland Balaklava,2025-05-04 23:58:36,Moki Usb Chargr Dual Car Blk,N/A,N/A,$15.74,N/A,https://foodlandbalaklava.com.au//lines/moki-usb-chargr-dual-car-blk
Foodland Balaklava,2025-05-04 23:58:36,Monster Energy Drink Juice Mango Loco,500mL,was $4.50,$4.30,$8.60 per L,https://foodlandbalaklava.com.au//lines/monster-energy-mango-500ml
Foodland Balaklava,2025-05-04 23:58:36,Monster Energy Drink Juice Papillon,500mL,was $4.50,$4.30,$8.60 per L,https://foodlandbalaklava.com.au//lines/monster-energy-punch-pap-500ml
Foodland Balaklava,2025-05-04 23:58:36,Monster Energy Drink Juice Pipeline Punch,500mL,was $4.50,$4.30,$8.60 per L,https://foodlandbalaklava.com.au//lines/monster-energy-punch-500ml
Foodland Balaklava,2025-05-04 23:58:36,Monster Energy Drink Original,4 x 500mL,was $16.80,$9.90,$4.95 per L,https://foodlandbalaklava.com.au//lines/monster-energy-4x500ml
Foodland Balaklava,2025-05-04 23:58:36,Monster Energy Drink Original,500mL,was $4.50,$4.30,$8.60 per L,https://foodlandbalaklava.com.au//lines/monster-energy-500ml-1
Foodland Balaklava,2025-05-04 23:58:36,Monster Energy Drink Original Zero Sugar,500mL,was $4.50,$4.30,$8.60 per L,https://foodlandbalaklava.com.au//lines/monster-energy-z-sug-can-500ml
Foodland Balaklava,2025-05-04 23:58:36,Monster Energy Drink Ultra Fantasy Ruby Red,500mL,was $4.50,$4.30,$8.60 per L,https://foodlandbalaklava.com.au//lines/monster-energy-ruby-red-500ml
Foodland Balaklava,2025-05-04 23:58:36,Monster Energy Drink Ultra Fiesta Mango,500mL,was $4.50,$4.30,$8.60 per L,https://foodlandbalaklava.com.au//lines/monster-energy-ult-fiesta500ml
Foodland Balaklava,2025-05-04 23:58:36,Monster Energy Drink Ultra Gold,500mL,was $4.50,$4.30,$8.60 per L,https://foodlandbalaklava.com.au//lines/monster-energy-ultra-gold500ml
Foodland Balaklava,2025-05-04 23:58:36,Monster Energy Drink Ultra Peachy Keen,4 x 500mL,was $16.80,$9.90,$4.95 per L,https://foodlandbalaklava.com.au//lines/monster-energy-peach-4-x-500ml
Foodland Balaklava,2025-05-04 23:58:36,Monster Energy Drink Ultra Peachy Keen,500mL,was $4.50,$4.30,$8.60 per L,https://foodlandbalaklava.com.au//lines/monster-energy-peachy-k-500ml
Foodland Balaklava,2025-05-04 23:58:36,Monster Energy Drink Ultra Rosa,4 x 500mL,was $16.80,$9.90,$4.95 per L,https://foodlandbalaklava.com.au//lines/monster-energy-ult-rosa4x500ml
Foodland Balaklava,2025-05-04 23:58:36,Monster Energy Drink Ultra Rosa,500mL,was $4.50,$4.30,$8.60 per L,https://foodlandbalaklava.com.au//lines/monster-energy-ult-rosa-500ml
Foodland Balaklava,2025-05-04 23:58:37,Monster Energy Drink Ultra Strawberry Dreams,500mL,was $4.50,$4.30,$8.60 per L,https://foodlandbalaklava.com.au//lines/monster-energy-ult-sbry-500ml
Foodland Balaklava,2025-05-04 23:58:37,Monster Energy Drink Ultra Violet,500mL,N/A,$4.50,$9.00 per L,https://foodlandbalaklava.com.au//lines/monster-energy-ult-violt-500ml
Foodland Balaklava,2025-05-04 23:58:37,Monster Energy Drink Zero Ultra,4 x 500mL,was $16.80,$9.90,$4.95 per L,https://foodlandbalaklava.com.au//lines/monster-ultra-4x500ml
Foodland Balaklava,2025-05-04 23:58:37,Monster Energy Drink Zero Ultra,500mL,was $4.50,$4.30,$8.60 per L,https://foodlandbalaklava.com.au//lines/monster-energy-ultra-500ml
Foodland Balaklava,2025-05-04 23:58:37,Monster Strawberry Energy Drink,4 x 500mL,was $16.80,$9.90,$4.95 per L,https://foodlandbalaklava.com.au//lines/monster-energy-sbry-4-x-500ml
Foodland Balaklava,2025-05-04 23:58:37,Moo Choc Milk,6 x 200mL,N/A,$7.90,$6.58 per L,https://foodlandbalaklava.com.au//lines/d-dale-moo-choc-milk-6x200ml
Foodland Balaklava,2025-05-04 23:58:37,Moo High Protein Strawberry Yoghurt & Muesli Pot,170g,N/A,$3.50,$2.06 per 100g,https://foodlandbalaklava.com.au//lines/moo-protein-strawberry-muesli-170g
Foodland Balaklava,2025-05-04 23:58:37,Moo High Protein Vanila Bean Muesli Pot,170g,N/A,$3.50,$2.06 per 100g,https://foodlandbalaklava.com.au//lines/moo-protein-vanilla-muesli-170g
Foodland Balaklava,2025-05-04 23:58:37,Moo Protein Grk Styl Nat Ygt,2kg,N/A,$13.50,$6.75 per kg,https://foodlandbalaklava.com.au//lines/moo-protein-grk-styl-nat-ygt-2kg
Foodland Balaklava,2025-05-04 23:58:37,Moondara Sweet Chilli Cream Cheese,80g,N/A,$3.40,$4.25 per 100g,https://foodlandbalaklava.com.au//lines/moondarra-frt-chs-swt-chilli-80gm
Foodland Balaklava,2025-05-04 23:58:37,Moondarra Chs Crm Cbry&​Mac120g,N/A,N/A,$4.80,$4.00 per 100g,https://foodlandbalaklava.com.au//lines/moondarra-chs-crm-cbry-mac120g
Foodland Balaklava,2025-05-04 23:58:37,Moondarra Chs Crm Hny&​Pst120gm,N/A,N/A,$4.80,$4.00 per 100g,https://foodlandbalaklava.com.au//lines/moondarra-chs-crm-hny-pst120gm
Foodland Balaklava,2025-05-04 23:58:37,Moondarra Melon & Mango Cream Cheese,80g,N/A,$3.40,$4.25 per 100g,https://foodlandbalaklava.com.au//lines/moondarra-frt-chs-melon-mango-80gm
Foodland Balaklava,2025-05-04 23:58:37,Morning Fresh Antibacterial Dishwashing Liquid Lemon,350mL,was $5.80,$5.50,$1.57 per 100mL,https://foodlandbalaklava.com.au//lines/morn-frsh-d-w-liq-lem-a-b350ml
Foodland Balaklava,2025-05-04 23:58:37,Morning Fresh Dishwash Liquid Ultimate Pro Performance Lemon,350mL,was $5.80,$5.50,$1.57 per 100mL,https://foodlandbalaklava.com.au//lines/morn-frsh-ult-d-w-liq-lem350ml
Foodland Balaklava,2025-05-04 23:58:37,Morning Fresh Dishwashing Liquid Botanics Bitter Orange & Bergamot,680mL,was $8.95,$6.50,$0.96 per 100mL,https://foodlandbalaklava.com.au//lines/morn-frsh-ult-d-w-orngbrg680ml
Foodland Balaklava,2025-05-04 23:58:37,Morning Fresh Dishwashing Liquid Ltd Edition,400mL,was $5.80,$5.50,$1.38 per 100mL,https://foodlandbalaklava.com.au//lines/morn-frsh-d-w-liq-ltd-ed-400ml
Foodland Balaklava,2025-05-04 23:58:37,Morning Fresh Dishwashing Liquid Raspberry And Crisp Apple,900mL,N/A,$10.00,$1.11 per 100mL,https://foodlandbalaklava.com.au//lines/morn-frsh-d-wash-liq-r-ap900ml
Foodland Balaklava,2025-05-04 23:58:37,Morning Fresh Pro Odour Defence Dishwashing Liquid Grapefruit,350mL,was $5.80,$5.50,$1.57 per 100mL,https://foodlandbalaklava.com.au//lines/morn-frsh-ult-d-w-p-od-gf350ml
Foodland Balaklava,2025-05-04 23:58:37,Morning Fresh Super Concentrate Dishwashing Liquid Lemon Fresh,900mL,N/A,$10.00,$1.11 per 100mL,https://foodlandbalaklava.com.au//lines/morn-frsh-d-wash-liq-lmn-900ml
Foodland Balaklava,2025-05-04 23:58:37,Morning Fresh Super Concentrate Dishwashing Liquid Lime Fresh,900mL,N/A,$10.00,$1.11 per 100mL,https://foodlandbalaklava.com.au//lines/morn-frsh-d-wash-liq-lime900ml
Foodland Balaklava,2025-05-04 23:58:37,MORNING SUN Apricot & Almond Muesli Breakfast Cereal,650g,was $4.94,$4.50,$0.69 per 100g,https://foodlandbalaklava.com.au//lines/morning-sun-apricot-almond-muesli-breakfast-cereal-650g-650gm
Foodland Balaklava,2025-05-04 23:58:37,Morning Sun Natural Style Muesli 97% Fat Free,650g,N/A,$4.50,$0.69 per 100g,https://foodlandbalaklava.com.au//lines/m-sun-muesli-fruit-l-fat-650gm-1
Foodland Balaklava,2025-05-04 23:58:37,Mortein Fast Knockdown Crawling Insect Killer,320g,N/A,$14.70,$4.59 per 100g,https://foodlandbalaklava.com.au//lines/mortein-cik-rapid-kill-320gm
Foodland Balaklava,2025-05-04 23:58:37,Mortein Fast Knockdown Crawling Insect Killer Odourless,350g,N/A,$14.00,$4.00 per 100g,https://foodlandbalaklava.com.au//lines/mortein-o-less-s-spray-350gm
Foodland Balaklava,2025-05-04 23:58:37,Mortein Fast Knockdown Insect Spray Multi Insect Killer,300g,N/A,$10.50,$3.50 per 100g,https://foodlandbalaklava.com.au//lines/mortein-aero-fast-knckdn-300gm
Foodland Balaklava,2025-05-04 23:58:37,Mortein Fast Knockdown Odourless Surface Spray Crawling Insect Killer,250g,N/A,$12.80,$5.12 per 100g,https://foodlandbalaklava.com.au//lines/mortein-odourless-s-spry-250gm
Foodland Balaklava,2025-05-04 23:58:37,Mortein Kill & Protect Ant Sand,500g,N/A,$14.70,$2.94 per 100g,https://foodlandbalaklava.com.au//lines/mortein-ant-sand-500gm
Foodland Balaklava,2025-05-04 23:58:37,Mortein Kill & Protect Cockroach Baits 12 Pack,N/A,N/A,$15.75,$1.31 Each,https://foodlandbalaklava.com.au//lines/mortein-roach-nest-kill-12s
Foodland Balaklava,2025-05-04 23:58:37,Mortein Kill & Protect Diy Insect Control Bomb Crawling Insects,3 x 125g,N/A,$18.90,$5.04 per 100g,https://foodlandbalaklava.com.au//lines/mortein-control-bomb-3x125gm
Foodland Balaklava,2025-05-04 23:58:37,Mortein Mozzie Zapper Mosquito & Fly Control,25mL,N/A,$18.40,$73.60 per 100mL,https://foodlandbalaklava.com.au//lines/mortein-pce-nght-plug-in-25ml
Foodland Balaklava,2025-05-04 23:58:37,Mortein Mozzie Zapper Mosquito & Fly Control Refill,45mL,N/A,$18.40,$40.89 per 100mL,https://foodlandbalaklava.com.au//lines/mortein-pce-nght-rfl-p-in-45ml
Foodland Balaklava,2025-05-04 23:58:37,Mortein Naturgard Crawling Insect Control Bomb Eucalyptus Scent,3 x 90g,N/A,$22.50,$8.33 per 100g,https://foodlandbalaklava.com.au//lines/mortein-n-grd-cntrl-bomb-3x90g
Foodland Balaklava,2025-05-04 23:58:37,Mortein Naturgard Multi Insect Killer,300g,N/A,$14.70,$4.90 per 100g,https://foodlandbalaklava.com.au//lines/mortein-n-grd-mlt-insect-300gm
Foodland Balaklava,2025-05-04 23:58:37,Mortein Naturgard Multi-Insect Automatic Diffuser Kit Fragrance Free,152g,N/A,$42.00,$27.63 per 100g,https://foodlandbalaklava.com.au//lines/mortein-n-gard-prime-152gm
Foodland Balaklava,2025-05-04 23:58:37,Mortein Naturgard Multi-Insect Automatic Refill Twin Pack Fragrance Free (​2x152g),2 x 152g,N/A,$32.50,$10.69 per 100g,https://foodlandbalaklava.com.au//lines/mortein-n-gard-o-less-rf-304gm
Foodland Balaklava,2025-05-04 23:58:37,Mortein No View No Touch Dual Action Mouse Trap 2 Pack 2pk,N/A,N/A,$13.65,$6.82 Each,https://foodlandbalaklava.com.au//lines/mortein-mouse-trap-no-tch-2pk
Foodland Balaklava,2025-05-04 23:58:37,Mortein Outdoor Coil Burner Mosquito Repellent,30 x 360g,N/A,$10.50,$0.35 Each,https://foodlandbalaklava.com.au//lines/mortein-burner-coils-30s
Foodland Balaklava,2025-05-04 23:58:37,Mortein Powergard Cockroach Baits 12 Pack,N/A,N/A,$17.50,$1.46 Each,https://foodlandbalaklava.com.au//lines/mortein-p-grd-roach-bait-12s
Foodland Balaklava,2025-05-04 23:58:37,Mortein Powergard Crawling Insect Killer Easy Reach With Germ Kill,320g,N/A,$18.40,$5.75 per 100mL,https://foodlandbalaklava.com.au//lines/mortein-p-grd-ez-grm-kill320gm
Foodland Balaklava,2025-05-04 23:58:37,Mortein Powergard Crawling Insect Surface Spray Barrier Outdoor,350g,N/A,$18.40,$5.26 per 100g,https://foodlandbalaklava.com.au//lines/mortein-p-grd-od-bar-crwl350gm
Foodland Balaklava,2025-05-04 23:58:37,Mortein Powergard Diy Indoor & Outdoor Insect Surface Spray,2L,N/A,$40.00,$2.00 per 100mL,https://foodlandbalaklava.com.au//lines/mortein-professional-diy-2l
Foodland Balaklava,2025-05-04 23:58:37,Mortein Powergard Easy Reach Crawling Insect Surface Spray,350g,N/A,$18.40,$5.26 per 100g,https://foodlandbalaklava.com.au//lines/mortein-lure-kill-easy-350gm
Foodland Balaklava,2025-05-04 23:58:37,Mortein Powergard Insect Spray Flying Insect Killer,300g,N/A,$12.10,$4.03 per 100g,https://foodlandbalaklava.com.au//lines/mortein-p-grd-f-insct-kil300gm
Foodland Balaklava,2025-05-04 23:58:37,Mortein Powergard Insect Spray Multi Insect Killer,300g,N/A,$14.70,$4.90 per 100g,https://foodlandbalaklava.com.au//lines/mortein-p-grd-m-insct-kil300gm
Foodland Balaklava,2025-05-04 23:58:37,Mortein Powergard Multi-Insect Automatic Diffuser Kit Odourless,154g,N/A,$40.00,$25.97 per 100g,https://foodlandbalaklava.com.au//lines/mortein-p-grd-o-l-ais-p-r154gm
Foodland Balaklava,2025-05-04 23:58:37,Mortein Powergard Multi-Insect Automatic Refill Odourless,154g,N/A,$20.00,$12.99 per 100g,https://foodlandbalaklava.com.au//lines/mortein-p-grd-o-l-in-out-154gm
Foodland Balaklava,2025-05-04 23:58:37,Mother Day Coffee Mug,N/A,was $5.00,$4.50,N/A,https://foodlandbalaklava.com.au//lines/mother-day-coffee-mug
Foodland Balaklava,2025-05-04 23:58:38,Mother Energy Drink Frosty Berry,4 x 500mL,was $14.00,$11.80,$5.90 per L,https://foodlandbalaklava.com.au//lines/mother-energy-drnk-bry-4x500ml
Foodland Balaklava,2025-05-04 23:58:38,Mother Energy Drink Frosty Berry,500mL,was $3.45,$3.30,$6.60 per L,https://foodlandbalaklava.com.au//lines/mother-energy-drnk-bry-cn500ml-1
Foodland Balaklava,2025-05-04 23:58:38,Mother Energy Drink Lava Guava,500mL,was $3.45,$3.30,$6.60 per L,https://foodlandbalaklava.com.au//lines/mother-energy-drnk-guava-500ml
Foodland Balaklava,2025-05-04 23:58:38,Mother Energy Drink Lava Guava Flavour 4 Pack,4 x 500mL,was $14.00,$11.80,$5.90 per L,https://foodlandbalaklava.com.au//lines/mother-energy-guava-4x500ml
Foodland Balaklava,2025-05-04 23:58:38,Mother Energy Drink Orange Dreamsicle,500mL,was $3.45,$3.30,$6.60 per L,https://foodlandbalaklava.com.au//lines/mother-energy-orange-cn-500ml
Foodland Balaklava,2025-05-04 23:58:38,Mother Energy Drink Original,4 x 500mL,was $14.00,$11.80,$5.90 per L,https://foodlandbalaklava.com.au//lines/mother-energy-drnk-orig4x500ml
Foodland Balaklava,2025-05-04 23:58:38,Mother Energy Drink Original,500mL,was $3.45,$3.30,$6.60 per L,https://foodlandbalaklava.com.au//lines/mother-energy-drnk-origin500ml
Foodland Balaklava,2025-05-04 23:58:38,Mother Energy Drink Original Zero Sugar,4 x 500mL,was $14.00,$11.80,$5.90 per L,https://foodlandbalaklava.com.au//lines/mother-energy-drk-s-fr-4x500ml-1
Foodland Balaklava,2025-05-04 23:58:38,Mother Energy Drink Original Zero Sugar,500mL,was $3.45,$3.30,$6.60 per L,https://foodlandbalaklava.com.au//lines/mother-energy-drnk-sgr-fr500ml
Foodland Balaklava,2025-05-04 23:58:38,Mother Energy Drink Passion,500mL,was $3.45,$3.30,$6.60 per L,https://foodlandbalaklava.com.au//lines/mother-energy-drink-pasn-500ml
Foodland Balaklava,2025-05-04 23:58:38,Mother Energy Drink Rainbow Sherbet,4 x 500mL,was $14.00,$11.80,$5.90 per L,https://foodlandbalaklava.com.au//lines/mother-engy-rain-sher-4-x-500ml
Foodland Balaklava,2025-05-04 23:58:38,Mother Energy Drink Rainbow Sherbet,500mL,was $3.45,$3.30,$6.60 per L,https://foodlandbalaklava.com.au//lines/mother-energy-drnk-r-shrb500ml
Foodland Balaklava,2025-05-04 23:58:38,Mothers Day Card $​4.​95,N/A,N/A,$4.95,N/A,https://foodlandbalaklava.com.au//lines/easter-card-1
Foodland Balaklava,2025-05-04 23:58:38,Mothers Day Card $​4.​99,N/A,N/A,$4.99,N/A,https://foodlandbalaklava.com.au//lines/card-mothers-day-4-99-1
Foodland Balaklava,2025-05-04 23:58:38,Mothers Day Card $​5.​99,N/A,N/A,$5.99,N/A,https://foodlandbalaklava.com.au//lines/easter-card
Foodland Balaklava,2025-05-04 23:58:38,Mothers Day Card $​6.​99,N/A,N/A,$6.99,N/A,https://foodlandbalaklava.com.au//lines/koala-cards-easter-1
Foodland Balaklava,2025-05-04 23:58:38,Moulin Peppercorns Green,55g,N/A,$4.30,$0.78 per 10g,https://foodlandbalaklava.com.au//lines/moulin-peppercorns-green-55gm
Foodland Balaklava,2025-05-04 23:58:38,Mount Franklin Lightly Sparkling Water Bottle,450mL,N/A,$3.40,$7.56 per L,https://foodlandbalaklava.com.au//lines/mt-frank-m-wtr-lght-sprk-450ml
Foodland Balaklava,2025-05-04 23:58:38,Mount Franklin Lightly Sparkling Water Lemon Bottle,1.25L,was $3.40,$1.62,$1.30 per L,https://foodlandbalaklava.com.au//lines/mt-frank-sprkl-wtr-lemon-1-25l
Foodland Balaklava,2025-05-04 23:58:38,Mount Franklin Lightly Sparkling Water Lime Bottle,1.25L,was $3.40,$1.62,$1.30 per L,https://foodlandbalaklava.com.au//lines/mt-frank-sprkl-wtr-lime-1-25l
Foodland Balaklava,2025-05-04 23:58:38,Mount Franklin Lightly Sparkling Water Natural Bottle,1.25L,was $3.40,$1.62,$1.30 per L,https://foodlandbalaklava.com.au//lines/mt-frank-m-wtr-lght-sprk-1-25l
Foodland Balaklava,2025-05-04 23:58:38,Mount Franklin Lightly Sparkling Water Passionfruit Bottle,1.25L,was $3.40,$1.62,$1.30 per L,https://foodlandbalaklava.com.au//lines/mt-frank-sprkl-wtr-p-frt-1-25l
Foodland Balaklava,2025-05-04 23:58:38,Mount Franklin Lightly Sparkling Water Peach Multipack Cans Cans,20 x 375mL,was $20.00,$12.35,$3.29 per L,https://foodlandbalaklava.com.au//lines/mt-frank-sprk-wtr-pch-10-x-375ml
Foodland Balaklava,2025-05-04 23:58:38,Mount Franklin Lightly Sparkling Water Raspberry Bottle,1.25L,was $3.40,$1.62,$1.30 per L,https://foodlandbalaklava.com.au//lines/mt-frank-sprkl-wtr-rasp-1-25l
Foodland Balaklava,2025-05-04 23:58:38,Mount Franklin Lightly Sparkling Water Raspberry Multipack Mini Cans,6 x 250mL,was $10.50,$9.40,$6.27 per L,https://foodlandbalaklava.com.au//lines/mt-frank-wtr-sprkl-rsp-6x250ml
Foodland Balaklava,2025-05-04 23:58:38,Mount Franklin Spring Water Bottle,1.5L,was $3.35,$2.85,$1.90 per L,https://foodlandbalaklava.com.au//lines/mt-frank-spr-wtr-nat-stil-1-5l
Foodland Balaklava,2025-05-04 23:58:38,Mountain Bread White Fibre,200g,N/A,$4.50,$2.25 per 100g,https://foodlandbalaklava.com.au//lines/mountain-white-bread-200g
Foodland Balaklava,2025-05-04 23:58:38,Mountain Dew Energised Soft Drink Multipack Cans,10 x 375mL,N/A,$19.00,$5.07 per L,https://foodlandbalaklava.com.au//lines/mountain-dew-lemon-10x375ml
Foodland Balaklava,2025-05-04 23:58:38,Mountain Dew Energised Soft Drink Multipack Cans,30 x 375mL,N/A,$25.00,$2.22 per L,https://foodlandbalaklava.com.au//lines/mountain-dew-citrus-30x375ml
Foodland Balaklava,2025-05-04 23:58:38,Movietime Choc Minis Popcorn,110g,N/A,$4.50,$4.09 per 100g,https://foodlandbalaklava.com.au//lines/m-time-choc-minis-p-corn-110g
Foodland Balaklava,2025-05-04 23:58:38,Movietime Malt Crusher Popcorn,110g,N/A,$4.50,$4.09 per 100g,https://foodlandbalaklava.com.au//lines/m-time-malt-crusher-p-corn-110g
Foodland Balaklava,2025-05-04 23:58:38,Movietime Popcorn Caramel,150g,N/A,$2.85,$1.90 per 100g,https://foodlandbalaklava.com.au//lines/movietime-popcorn-caramel150gm
Foodland Balaklava,2025-05-04 23:58:38,Mr Beast Chocolate Sea Salt Bar,60g,was $4.20,$3.50,$5.83 per 100g,https://foodlandbalaklava.com.au//lines/mr-beast-sea-salt-choc-60g
Foodland Balaklava,2025-05-04 23:58:38,Mr Beast Deez Nutz,35g,was $2.65,$2.20,$6.29 per 100g,https://foodlandbalaklava.com.au//lines/mr-beast-deez-nutz-35g
Foodland Balaklava,2025-05-04 23:58:38,Mr Beast Milk Chocolate Crunch,60g,N/A,$4.20,$7.00 per 100g,https://foodlandbalaklava.com.au//lines/mr-beast-milk-choc-crunch-60g
Foodland Balaklava,2025-05-04 23:58:38,Mr Brownie Chocolate Brownie,200g,N/A,$6.85,$3.42 per 100g,https://foodlandbalaklava.com.au//lines/mr-brownie-brwnie-choc-200gm
Foodland Balaklava,2025-05-04 23:58:38,Mr Chens Dumplng Fav,500g,N/A,$13.65,$2.73 per 100g,https://foodlandbalaklava.com.au//lines/mr-chens-dumplng-fav-500g
Foodland Balaklava,2025-05-04 23:58:38,Mr Chen’​S Beef Teryaki Dumplings,300g,N/A,$8.95,$2.98 per 100g,https://foodlandbalaklava.com.au//lines/mr-chens-dumplng-bf-teri-300g
Foodland Balaklava,2025-05-04 23:58:38,Mr Chen’​S Honey Soy Chicken Dumplings,500g,N/A,$13.65,$2.73 per 100g,https://foodlandbalaklava.com.au//lines/mr-chens-dumplng-h-sy-chk500gm
Foodland Balaklava,2025-05-04 23:58:38,Mr Chen’​S Szechuan Pork Dumplings,500g,N/A,$13.65,$2.73 per 100g,https://foodlandbalaklava.com.au//lines/mr-chens-dumplng-szch-prk500gm
Foodland Balaklava,2025-05-04 23:58:38,Mr F Darlic Professional Pruner,N/A,N/A,$19.95,N/A,https://foodlandbalaklava.com.au//lines/darlac-proffesional-pruner-1pk
Foodland Balaklava,2025-05-04 23:58:38,Mr Kipling Angel Slices 6pk,N/A,was $6.30,$5.00,$2.94 per 100g,https://foodlandbalaklava.com.au//lines/mr-kipling-slc-angel-snap-6pk
Foodland Balaklava,2025-05-04 23:58:38,Mr Kipling Chocolate Slices,N/A,was $6.30,$5.00,$3.23 per 100g,https://foodlandbalaklava.com.au//lines/mr-kipling-slc-choc-snk-pk-6pk
Foodland Balaklava,2025-05-04 23:58:38,Mr Kipling Lemon Slices,165mL,was $6.30,$5.00,$3.03 per 100g,https://foodlandbalaklava.com.au//lines/mr-kipling-slc-lemon-snap-6pk
Foodland Balaklava,2025-05-04 23:58:38,Mr Lee Dim Sims,1.2kg,N/A,$12.60,$1.05 per 100g,https://foodlandbalaklava.com.au//lines/mr-lee-dim-sims-1-2kg
Foodland Balaklava,2025-05-04 23:58:38,Mr Sheen Surface Cleaner Polish Trigger Spray,375mL,N/A,$8.40,$2.24 per 100mL,https://foodlandbalaklava.com.au//lines/mr-sheen-pot-pouri-trig-375ml
Foodland Balaklava,2025-05-04 23:58:38,Mr Umami Shroom Burger Herbed,240g,N/A,$9.50,$3.96 per 100g,https://foodlandbalaklava.com.au//lines/mr-umami-shroom-burger-herbed-240g
Foodland Balaklava,2025-05-04 23:58:38,Mr Umami Shroom Burger Moroc,240g,N/A,$9.50,$3.96 per 100g,https://foodlandbalaklava.com.au//lines/mr-umami-shroom-burger-moroc-240g
Foodland Balaklava,2025-05-04 23:58:40,Mr Wisdoms Sudoku,N/A,N/A,$5.80,N/A,https://foodlandbalaklava.com.au//lines/mr-wisdoms-sudoku-1
Foodland Balaklava,2025-05-04 23:58:40,"Mrs Mac's Chilli, Beef & Cheese Pies",4 x 700g,was $10.50,$7.00,$1.00 per 100g,https://foodlandbalaklava.com.au//lines/mrs-macs-pie-bf-chi-chs4pk700g
Foodland Balaklava,2025-05-04 23:58:40,Mrs Mac's Famous Beef Pies,700g,was $10.50,$7.00,$1.00 per 100g,https://foodlandbalaklava.com.au//lines/mrs-macs-pie-beef-4pk-700gm
Foodland Balaklava,2025-05-04 23:58:40,Mrs Mac's Microwave Beef & Cheese Pie,N/A,was $3.70,$3.10,$1.77 per 100g,https://foodlandbalaklava.com.au//lines/mrs-macs-pie-bf-chs-m-wv-175gm
Foodland Balaklava,2025-05-04 23:58:40,Mrs Mac's Microwave Traditional Beef Pastie,N/A,was $3.70,$3.10,$1.88 per 100g,https://foodlandbalaklava.com.au//lines/mrs-macs-pastie-bf-m-wv-165gm
Foodland Balaklava,2025-05-04 23:58:40,Mrs Mac's Potato Top Beef Pies,760g,was $10.50,$7.00,$0.92 per 100g,https://foodlandbalaklava.com.au//lines/mrs-macs-pie-bf-pot-tp4pk760gm
Foodland Balaklava,2025-05-04 23:58:40,Mt Fresh App/​Guava Juice,1.5L,was $5.50,$5.15,$3.43 per L,https://foodlandbalaklava.com.au//lines/mt-fresh-app-guava-juice-1-5lt
Foodland Balaklava,2025-05-04 23:58:40,Mt. Franklin-Ko Mount Franklin Spring Water Bottle,600mL,N/A,$3.00,$5.00 per L,https://foodlandbalaklava.com.au//lines/mt-frank-s-wtr-still-pet-600ml
Foodland Balaklava,2025-05-04 23:58:40,Mug S/​S Travel,N/A,was $15.00,$14.00,N/A,https://foodlandbalaklava.com.au//lines/mug-s-s-travel-450ml
Foodland Balaklava,2025-05-04 23:58:40,Mug Soup Stoneware,N/A,was $3.50,$3.00,N/A,https://foodlandbalaklava.com.au//lines/mug-soup-stoneware
Foodland Balaklava,2025-05-04 23:58:40,Mug Soup Stoneware W Lid*,N/A,was $5.50,$5.00,N/A,https://foodlandbalaklava.com.au//lines/mug-soup-stoneware-w-lid-1
Foodland Balaklava,2025-05-04 23:58:40,Mug Stoneware*,N/A,was $2.50,$2.00,N/A,https://foodlandbalaklava.com.au//lines/mug-stoneware-1
Foodland Balaklava,2025-05-04 23:58:40,Mugs Slogan Hug,N/A,N/A,$5.00,N/A,https://foodlandbalaklava.com.au//lines/mugs-slogan-hug
Foodland Balaklava,2025-05-04 23:58:40,Multicrop Indoor Plant Food,250mL,N/A,$10.00,$4.00 per 100mL,https://foodlandbalaklava.com.au//lines/m-crop-indoor-pl-food-conc-250m
Foodland Balaklava,2025-05-04 23:58:40,Multigrain Sandwich Roll,160g,N/A,$1.75,$1.09 per 100g,https://foodlandbalaklava.com.au//lines/spd-bke-pain-de-champ-m-g160gm
Foodland Balaklava,2025-05-04 23:58:40,Multix All Purpose Containers,5 x 709mL,N/A,$4.90,N/A,https://foodlandbalaklava.com.au//lines/multix-t-away-cont-709ml-5pk
Foodland Balaklava,2025-05-04 23:58:40,Multix Baking Aids Cup Cake Cases Medium Printed And Plain 100 Pk,N/A,N/A,$3.30,$3.30 per 100g,https://foodlandbalaklava.com.au//lines/multix-c-cake-pl-pr-case-100s
Foodland Balaklava,2025-05-04 23:58:40,Multix Colour Scents Handy Ties Tidy Bags Large 30 Pack | Lemon Scent,N/A,was $4.15,$3.70,$0.12 Each,https://foodlandbalaklava.com.au//lines/multix-k-tidy-c-scent-lem-30s
Foodland Balaklava,2025-05-04 23:58:40,Multix Colour Scents Handy Ties Tidy Bags Large 30 Pack | Rose Scent,N/A,was $4.15,$3.70,$0.12 Each,https://foodlandbalaklava.com.au//lines/multix-k-tidy-scnt-rose-lge30s
Foodland Balaklava,2025-05-04 23:58:40,Multix Colour Scents Handy Ties Tidy Bags Mini 25 Pack | Rose Scent,N/A,N/A,$3.45,$0.14 Each,https://foodlandbalaklava.com.au//lines/multix-k-tidy-c-scent-rose-25s
Foodland Balaklava,2025-05-04 23:58:40,Multix Council Bin Liners Small 10 Pack,N/A,N/A,$6.85,$0.68 Each,https://foodlandbalaklava.com.au//lines/multix-councl-binliner140l-10s
Foodland Balaklava,2025-05-04 23:58:40,Multix Drawtight Garden Bags 3 Pack,N/A,N/A,$4.20,$1.40 Each,https://foodlandbalaklava.com.au//lines/multix-garden-bags-drw-tite-3s
Foodland Balaklava,2025-05-04 23:58:40,Multix Extra Large & Extra Wide Drawtight Garbage Bags 10 Pack,N/A,N/A,$4.75,$0.48 Each,https://foodlandbalaklava.com.au//lines/multix-binliner-x-lge-75lt-10s
Foodland Balaklava,2025-05-04 23:58:40,Multix Greener Plant Based Cling Wrap cm,33 x 20m,was $3.05,$2.90,$0.14 per cm,https://foodlandbalaklava.com.au//lines/multix-c-wrap-grn-plnt-20m
Foodland Balaklava,2025-05-04 23:58:40,Multix Medium Size Roasting & BBQ Alfoil Tray,N/A,N/A,$6.05,N/A,https://foodlandbalaklava.com.au//lines/multix-alfoil-rst-tray-med-1s
Foodland Balaklava,2025-05-04 23:58:40,Multix Piping Bags 5 Pack,N/A,N/A,$3.90,$0.78 Each,https://foodlandbalaklava.com.au//lines/multix-piping-bag-5s
Foodland Balaklava,2025-05-04 23:58:40,Multix Recycled Garbage Bags 12pk,N/A,was $4.20,$3.70,$0.31 Each,https://foodlandbalaklava.com.au//lines/multix-garb-bag-recycled-12s
Foodland Balaklava,2025-05-04 23:58:40,Multix Recycled Lemon Scented Kitchen Tidy Bags Medium 24 Pack,N/A,was $4.00,$3.10,$0.13 Each,https://foodlandbalaklava.com.au//lines/multix-tidybag-recy-lem-med24s
Foodland Balaklava,2025-05-04 23:58:40,Multix Super Strong Tidy Bags Large 18 Pack,N/A,N/A,$4.45,$0.25 Each,https://foodlandbalaklava.com.au//lines/multix-t-bag-s-strng-lge-18s
Foodland Balaklava,2025-05-04 23:58:40,Mum Dry Antiperspirant Deodorant Cool Pink,50mL,was $3.55,$3.00,$6.00 per 100mL,https://foodlandbalaklava.com.au//lines/mum-r-on-deod-dry-c-pink-50ml-1
Foodland Balaklava,2025-05-04 23:58:40,Mum Roll On Deodorant Dry Active,50mL,was $3.55,$3.00,$6.00 per 100mL,https://foodlandbalaklava.com.au//lines/mum-r-on-deod-dry-active-50ml-4
Foodland Balaklava,2025-05-04 23:58:40,Mumamoo Stage 3 Premium Toddler Milk Drink,800g,N/A,$34.15,$4.27 per 100g,https://foodlandbalaklava.com.au//lines/mummamoo-stg3-todd-1-3yr-800gm
Foodland Balaklava,2025-05-04 23:58:40,Munch Me Bar Pistachio Cranberry,120g,N/A,$7.90,$6.58 per 100g,https://foodlandbalaklava.com.au//lines/munchme-snk-pist-crnbry-120g
Foodland Balaklava,2025-05-04 23:58:40,Munch Teeth Mitt 3-12m Pnk#​1pk,N/A,N/A,$20.00,N/A,https://foodlandbalaklava.com.au//lines/munch-teeth-mitt-3-12m-pnk-1pk
Foodland Balaklava,2025-05-04 23:58:40,Munchme Snack Almond Blueberry,120g,N/A,$7.90,$6.58 per 100g,https://foodlandbalaklava.com.au//lines/munchme-snk-alm-bluebry-120g
Foodland Balaklava,2025-05-04 23:58:40,Muraca Spicy Hot Cream Pepper,280g,N/A,$6.50,$2.32 per 100g,https://foodlandbalaklava.com.au//lines/muraca-spicy-hot-crm-peppers-280g
Foodland Balaklava,2025-05-04 23:58:40,Murine Relief Eye Drops,15mL,was $10.00,$8.80,$58.67 per 100mL,https://foodlandbalaklava.com.au//lines/murine-eye-drops-relief-15ml-3
Foodland Balaklava,2025-05-04 23:58:40,Murine Tears Eye Drops,15mL,was $10.00,$8.80,$58.67 per 100mL,https://foodlandbalaklava.com.au//lines/murine-tears-for-eyes-15ml-1
Foodland Balaklava,2025-05-04 23:58:40,Musashi High Protein Shake Chocolate Milkshake,375mL,N/A,$5.80,$1.55 per 100mL,https://foodlandbalaklava.com.au//lines/musashi-p30pro-mlk-choc-375ml-1
Foodland Balaklava,2025-05-04 23:58:40,Musashi P High Protein Powder - Chocolate,375g,N/A,$34.65,$9.24 per 100g,https://foodlandbalaklava.com.au//lines/musashi-p-hgh-p-pwd-choc-375gm
Foodland Balaklava,2025-05-04 23:58:40,Mushroom Porcini Dried,20g,N/A,$8.50,$425.00 per kg,https://foodlandbalaklava.com.au//lines/mushroom-porcini-dried-20gm-1
Foodland Balaklava,2025-05-04 23:58:40,Mushrooms,200g,N/A,$4.00,N/A,https://foodlandbalaklava.com.au//lines/mushrooms-200g
Foodland Balaklava,2025-05-04 23:58:40,Mushrooms,500g,N/A,$8.00,N/A,https://foodlandbalaklava.com.au//lines/mushrooms-500g
Foodland Balaklava,2025-05-04 23:58:40,Mushrooms Sliced,200g,N/A,$4.00,N/A,https://foodlandbalaklava.com.au//lines/mushrooms-sliced-200g
Foodland Balaklava,2025-05-04 23:58:40,Mutti Baby Roma Tomatoes,400g,N/A,$2.85,$7.12 per kg,https://foodlandbalaklava.com.au//lines/mutti-baby-roma-tomatoes-400gm
Foodland Balaklava,2025-05-04 23:58:40,Mutti Cherry Tomatoes,400g,N/A,$2.85,$7.12 per kg,https://foodlandbalaklava.com.au//lines/mutti-cherry-tomatoes-400g
Foodland Balaklava,2025-05-04 23:58:40,Mutti Double Concentrated Tomato Paste,130g,N/A,$2.20,$1.69 per 100g,https://foodlandbalaklava.com.au//lines/mutti-tomato-paste-tube-130g
Foodland Balaklava,2025-05-04 23:58:40,Mutti Peeled Tomatoes,400g,was $2.40,$1.80,$4.50 per kg,https://foodlandbalaklava.com.au//lines/mutti-whole-peeled-tomatoes-400g
Foodland Balaklava,2025-05-04 23:58:41,Mutti Sugo Semplice Bolognese,400g,was $4.75,$4.20,$1.05 per 100g,https://foodlandbalaklava.com.au//lines/mutti-sugo-bolognese-400g
Foodland Balaklava,2025-05-04 23:58:41,Mutti Sugo Semplice Parmigiano Reggiano,400g,was $4.75,$4.20,$1.05 per 100g,https://foodlandbalaklava.com.au//lines/mutti-sugo-parmiiano-400g
Foodland Balaklava,2025-05-04 23:58:41,Mvl Thanos Mask S/​C,N/A,N/A,$10.00,N/A,https://foodlandbalaklava.com.au//lines/mvl-thanos-mask-s-c
Foodland Balaklava,2025-05-04 23:58:41,"My Dog Adult 7+ With Tender Turkey, Rice & Vegetables",100g,N/A,$1.80,$1.80 per 100g,https://foodlandbalaklava.com.au//lines/my-dog-turk-rice-veg-100gm
Foodland Balaklava,2025-05-04 23:58:41,My Dog Adult Dog Treats With Beef & Vegetables Flavour,100g,was $4.75,$4.00,$4.00 per 100g,https://foodlandbalaklava.com.au//lines/my-dog-treat-beef-veg-100gm
Foodland Balaklava,2025-05-04 23:58:41,My Dog Adult Dog Treats With Juicy Lamb & Barbecue Flavour,100g,was $4.75,$4.00,$4.00 per 100g,https://foodlandbalaklava.com.au//lines/my-dog-treat-lmb-bbq-100gm
Foodland Balaklava,2025-05-04 23:58:41,My Dog Adult Dog Treats With Tender Chicken & Tuna Flavour,100g,was $4.75,$4.00,$4.00 per 100g,https://foodlandbalaklava.com.au//lines/my-dog-treat-chic-tuna-100gm
Foodland Balaklava,2025-05-04 23:58:41,My Dog Adult Dry Dog Food Tender Chicken & Vegetables,1.5kg,N/A,$14.70,$0.98 per 100g,https://foodlandbalaklava.com.au//lines/my-dog-roast-chick-1-5kg
Foodland Balaklava,2025-05-04 23:58:41,My Dog Adult Dry Dog Food Tender Chicken & Vegetables Bag,2.8kg,was $25.75,$22.25,$0.79 per 100g,https://foodlandbalaklava.com.au//lines/my-dog-chick-veg-2-8kg
Foodland Balaklava,2025-05-04 23:58:41,My Dog Adult Wet Dog Classic Loaf With Beef Tray,100g,N/A,$1.80,$1.80 per 100g,https://foodlandbalaklava.com.au//lines/my-dog-beef-gourmet-100gm
Foodland Balaklava,2025-05-04 23:58:41,My Dog Adult Wet Dog Classic Loaf With Tender Chicken Tray,100g,N/A,$1.80,$1.80 per 100g,https://foodlandbalaklava.com.au//lines/my-dog-chick-supreme-100gm
Foodland Balaklava,2025-05-04 23:58:41,My Dog Adult Wet Dog Food Classic Loaf With Juicy Lamb Tray,100g,N/A,$1.80,$1.80 per 100g,https://foodlandbalaklava.com.au//lines/my-dog-lamb-classic-100gm
Foodland Balaklava,2025-05-04 23:58:41,My Dog Adult Wet Dog Food Fillets In Gravy With Delicate Chicken Tray,100g,N/A,$1.80,$1.80 per 100g,https://foodlandbalaklava.com.au//lines/my-dog-chic-in-gravy-100gm
Foodland Balaklava,2025-05-04 23:58:41,My Dog Adult Wet Dog Food Fillets In Gravy With Delicate Chicken Trays,6 x 100g,was $10.50,$9.00,$1.50 per 100g,https://foodlandbalaklava.com.au//lines/my-dog-chic-gravy-svms-6x100gm
Foodland Balaklava,2025-05-04 23:58:41,My Dog Adult Wet Dog Food Fillets In Gravy With Succulent Beef Trays,6 x 100g,was $10.50,$9.00,$1.50 per 100g,https://foodlandbalaklava.com.au//lines/my-dog-beef-gravy-svms-6x100gm
Foodland Balaklava,2025-05-04 23:58:41,My Dog Adult Wet Dog Shredded Meals With Beef,100g,N/A,$2.00,$2.00 per 100g,https://foodlandbalaklava.com.au//lines/my-dog-shrd-beef-100gm
Foodland Balaklava,2025-05-04 23:58:41,My Dog Adult Wet Dog Shredded Meals With Beef Svms (​6x100g),N/A,was $11.05,$9.90,$1.65 per 100g,https://foodlandbalaklava.com.au//lines/my-dog-shrd-beef-6x100gm
Foodland Balaklava,2025-05-04 23:58:41,My Dog Adult Wet Dog Shredded Meals With Chicken,100g,N/A,$2.00,$2.00 per 100g,https://foodlandbalaklava.com.au//lines/my-dog-shrd-chkn-100gm
Foodland Balaklava,2025-05-04 23:58:41,My Dog Adult Wet Dog Shredded Meals With Chicken Svms (​),6 x 100g,was $11.05,$9.90,$1.65 per 100g,https://foodlandbalaklava.com.au//lines/my-dog-shrd-chkn-6x100gm
Foodland Balaklava,2025-05-04 23:58:41,My Dog Beef & Liver,100g,N/A,$1.80,$1.80 per 100g,https://foodlandbalaklava.com.au//lines/my-dog-bf-lvr-selection100gm
Foodland Balaklava,2025-05-04 23:58:41,"My Dog Chicken Mince With Rice, Carrots & Spinach Puppy Food 6.​0x100gm",N/A,was $10.50,$9.00,$1.50 per 100g,https://foodlandbalaklava.com.au//lines/my-dog-puppy-ch-rc-ca-sp6x100g
Foodland Balaklava,2025-05-04 23:58:41,My Dog Chicken Supreme With Cheese Select Toppings,100g,N/A,$1.80,$1.80 per 100g,https://foodlandbalaklava.com.au//lines/my-dog-chick-supreme-chse100gm
Foodland Balaklava,2025-05-04 23:58:41,My Dog Classic Loaf With Gourmet Beef & Hearty Liver,6 x 100g,was $10.50,$9.00,$1.50 per 100g,https://foodlandbalaklava.com.au//lines/my-dog-sel-beef-liver-6x100gm
Foodland Balaklava,2025-05-04 23:58:41,My Dog Classic Loaf With Succulent Kangaroo,100g,N/A,$1.80,$1.80 per 100g,https://foodlandbalaklava.com.au//lines/my-dog-tasty-kangaroo-100gm
Foodland Balaklava,2025-05-04 23:58:41,My Dog Classic Loaf With Succulent Kangaroo Svms (​6x100g),6 x 100g,was $10.50,$9.00,$1.50 per 100g,https://foodlandbalaklava.com.au//lines/my-dog-kangaroo-6x100gm
Foodland Balaklava,2025-05-04 23:58:41,My Dog Core Sel/​Chicken/​Chse,6 x 100g,was $10.50,$9.00,$1.50 per 100g,https://foodlandbalaklava.com.au//lines/my-dog-sel-chkn-chse-6x100gm
Foodland Balaklava,2025-05-04 23:58:41,My Dog Dry Dog Food Chicken Supreme Meaty Loaf Trays 24.​0x100g,24 x 100g,was $39.90,$28.00,$1.17 per 100g,https://foodlandbalaklava.com.au//lines/my-dog-chk-suprm-svms-24x100gm
Foodland Balaklava,2025-05-04 23:58:41,"My Dog Home Delights Wet Dog Food With Hearty Chicken, Pasta & Garden Vegetables Tray",100g,N/A,$1.80,$1.80 per 100g,https://foodlandbalaklava.com.au//lines/my-dog-h-dlt-chkn-psta-vg100gm
Foodland Balaklava,2025-05-04 23:58:41,My Dog Home Delights Wet Dog Food With Succulent Beef & Slow Cooked Vegetables Tray,100g,N/A,$1.80,$1.80 per 100g,https://foodlandbalaklava.com.au//lines/my-dog-h-dlt-beef-veg-100gm
Foodland Balaklava,2025-05-04 23:58:41,My Dog Jerky Real Beef Strips Pouch,100g,N/A,$8.40,$8.40 per 100g,https://foodlandbalaklava.com.au//lines/my-dog-strips-jrky-bf-100g
Foodland Balaklava,2025-05-04 23:58:41,My Dog Jerky Real Chicken Strips Pouch,100g,N/A,$8.40,$8.40 per 100g,https://foodlandbalaklava.com.au//lines/my-dog-strips-jrky-chic-100g
Foodland Balaklava,2025-05-04 23:58:41,My Dog Prime Beef Topped With Cheese,100g,N/A,$1.80,$1.80 per 100g,https://foodlandbalaklava.com.au//lines/my-dog-beef-cheese-100gm
Foodland Balaklava,2025-05-04 23:58:41,"My Dog Puppy Wet Dog Food Chicken Mince With Rice, Carrots & Spinach Tray",100g,N/A,$1.80,$1.80 per 100g,https://foodlandbalaklava.com.au//lines/my-dog-puppy-chk-rc-ca-sp100gm
Foodland Balaklava,2025-05-04 23:58:41,My Dog Wet Dog Food Lamb With Garden Vegetables Select Toppings Tray 100g,100g,N/A,$1.80,$1.80 per 100g,https://foodlandbalaklava.com.au//lines/my-dog-lamb-w-vegetable-100gm
Foodland Balaklava,2025-05-04 23:58:41,My Dog With Succulent Beef Fillets In Gravy,100g,N/A,$1.80,$1.80 per 100g,https://foodlandbalaklava.com.au//lines/my-dog-beef-in-gravy-100gm
Foodland Balaklava,2025-05-04 23:58:41,My Dog With Tender Chicken And Turkey,400g,was $3.15,$2.10,$0.52 per 100g,https://foodlandbalaklava.com.au//lines/my-dog-tndr-chick-turkey-400gm
Foodland Balaklava,2025-05-04 23:58:41,My Dog® Beef And Veal Loaf Classics Wet Dog Food Can,400g,was $3.15,$2.10,$0.52 per 100g,https://foodlandbalaklava.com.au//lines/my-dog-prime-beef-veal-400gm
Foodland Balaklava,2025-05-04 23:58:41,My Dog® Beef And Veal Loaf Classics Wet Dog Food Can,680g,was $4.75,$3.70,$0.54 per 100g,https://foodlandbalaklava.com.au//lines/my-dog-prime-beef-veal-680gm
Foodland Balaklava,2025-05-04 23:58:41,My Dog® Gourmet Beef Loaf Classics Wet Dog Food Can,400g,was $3.15,$2.10,$0.52 per 100g,https://foodlandbalaklava.com.au//lines/my-dog-beef-gourmet-400gm
Foodland Balaklava,2025-05-04 23:58:41,My Dog® Tender Chicken And Turkey Banquet Loaf Classics Wet Dog Food Can,680g,was $4.75,$3.70,$0.54 per 100g,https://foodlandbalaklava.com.au//lines/my-dog-tndr-chick-turkey-680gm
Foodland Balaklava,2025-05-04 23:58:41,My Life Biocheese Cheddar Flavour Block,200g,N/A,$9.99,$49.95 per kg,https://foodlandbalaklava.com.au//lines/bio-chedder-block-dairy-free-200g-1
Foodland Balaklava,2025-05-04 23:58:41,My Life Biocheese Cheddar Flavour Slices,200g,N/A,$9.99,$49.95 per kg,https://foodlandbalaklava.com.au//lines/bio-cheese-slice-ched-200g
Foodland Balaklava,2025-05-04 23:58:41,My Little Pony,N/A,N/A,$13.99,N/A,https://foodlandbalaklava.com.au//lines/my-little-pony-1
Foodland Balaklava,2025-05-04 23:58:41,Mylanta 2go Antacid Fastchews Tablets Mint 3 X 8 Pack,N/A,was $10.50,$8.25,$0.34 Each,https://foodlandbalaklava.com.au//lines/mylanta-chews-fast-24s
Foodland Balaklava,2025-05-04 23:58:41,N/​Lane Org Ex Virg C/​Nut Oil,1L,was $17.59,$16.20,$16.20 per L,https://foodlandbalaklava.com.au//lines/n-lane-org-ex-virg-c-nut-oil-1lt
Foodland Balaklava,2025-05-04 23:58:41,N/​Lane Org Pure Maple Syrup,250m,was $10.99,$10.80,$4.32 per 100mL,https://foodlandbalaklava.com.au//lines/n-lane-org-pure-maple-syrup-250m
Foodland Balaklava,2025-05-04 23:58:41,Nail Brush,N/A,N/A,$4.95,N/A,https://foodlandbalaklava.com.au//lines/uber-nail-brush
Foodland Balaklava,2025-05-04 23:58:41,Nail Clippers Large,N/A,N/A,$5.95,N/A,https://foodlandbalaklava.com.au//lines/uber-nail-clippers
Foodland Balaklava,2025-05-04 23:58:42,Nail Salon *,N/A,N/A,$12.00,N/A,https://foodlandbalaklava.com.au//lines/nail-salon
Foodland Balaklava,2025-05-04 23:58:42,"Nair Bladeless Shave Rosewater | Hair Removal Cream | Bikini, Legs, Armpits & Arms |​142g",142g,N/A,$15.00,$10.56 per 100mL,https://foodlandbalaklava.com.au//lines/nair-b-less-shv-rsewtr-142gm
Foodland Balaklava,2025-05-04 23:58:42,Nair Easiwax Mini Wax Strips | Clear Strip | 20 Pack | Face & Bikini,N/A,N/A,$9.45,$0.47 Each,https://foodlandbalaklava.com.au//lines/nair-easiwax-mini-strips-20s
Foodland Balaklava,2025-05-04 23:58:42,Nair Facial Hair Removal Cream | Precision Applicator Tip |,20g,N/A,$7.15,$35.75 per 100g,https://foodlandbalaklava.com.au//lines/nair-facial-h-removal-crm-20gm
Foodland Balaklava,2025-05-04 23:58:42,"Nair Hair Removal Cream |​Legs, Bikini, Underarm, Arms & Face |",75g,N/A,$7.55,$10.07 per 100g,https://foodlandbalaklava.com.au//lines/nair-crm-h-removal-sen-75gm
Foodland Balaklava,2025-05-04 23:58:42,Nair Natural Large Wax Strips | Legs & Body | 40 Pack,N/A,N/A,$20.90,$0.52 Each,https://foodlandbalaklava.com.au//lines/nair-wax-strips-nat-lge-40s
Foodland Balaklava,2025-05-04 23:58:42,Nair Shower Hair Removal Cream Sensitive | Legs & Body |,357g,N/A,$16.30,$4.57 per 100g,https://foodlandbalaklava.com.au//lines/nair-crm-sens-coconut-357gm
Foodland Balaklava,2025-05-04 23:58:42,Nair Shower Power Max Hair Removal Cream | Coarse Hair | Legs & Body |,312g,N/A,$15.50,$4.97 per 100g,https://foodlandbalaklava.com.au//lines/nair-shower-power-max-312gm
Foodland Balaklava,2025-05-04 23:58:42,Naked Life Iced Tea Lemon Flavour 12 Pack X,330mL,N/A,$3.50,$1.06 per 100mL,https://foodlandbalaklava.com.au//lines/naked-life-lemon-iced-tea-330ml
Foodland Balaklava,2025-05-04 23:58:42,Naked Life Soda Passionfruit Flavour,330mL,N/A,$3.50,$10.61 per L,https://foodlandbalaklava.com.au//lines/naked-life-passionfruit-330ml
Foodland Balaklava,2025-05-04 23:58:42,Naked Life Soda Raspberry Flavour,330mL,N/A,$3.50,$10.61 per L,https://foodlandbalaklava.com.au//lines/naked-life-raspberry-330ml
Foodland Balaklava,2025-05-04 23:58:42,Nandos Mayo Peri Garlic,265g,N/A,$5.05,$1.91 per 100g,https://foodlandbalaklava.com.au//lines/nandos-mayo-peri-garlic-265gm
Foodland Balaklava,2025-05-04 23:58:42,Nandos Peri-Peri Salt,50g,was $4.75,$4.40,$8.80 per 100g,https://foodlandbalaklava.com.au//lines/nandos-peri-peri-salt-50gm
Foodland Balaklava,2025-05-04 23:58:42,Nandos Peri-Peri Sce Mld,250g,was $7.15,$6.00,$2.40 per 100g,https://foodlandbalaklava.com.au//lines/nandos-peri-peri-sce-mld-250gm
Foodland Balaklava,2025-05-04 23:58:42,Nandos Rub Peri Peri Med,25g,N/A,$3.55,$1.42 per 10g,https://foodlandbalaklava.com.au//lines/nandos-rub-peri-peri-med-25gm
Foodland Balaklava,2025-05-04 23:58:42,Nanna's Apple Crumble,550g,N/A,$6.50,$1.18 per 100g,https://foodlandbalaklava.com.au//lines/nanna-crumble-apple-550gm
Foodland Balaklava,2025-05-04 23:58:42,Nanna's Rhubarb & Apple Crumble,550g,N/A,$6.50,$1.18 per 100g,https://foodlandbalaklava.com.au//lines/nannas-crumble-rhub-apl-550gm
Foodland Balaklava,2025-05-04 23:58:42,Napro Palette Hair Colour 1-0 Black,N/A,was $10.85,$9.50,N/A,https://foodlandbalaklava.com.au//lines/napro-pal-1-0-black-115ml
Foodland Balaklava,2025-05-04 23:58:42,Napro Palette Hair Colour 8-0 Medium Blonde,N/A,was $10.85,$9.50,N/A,https://foodlandbalaklava.com.au//lines/napro-pal-8-0-med-blonde-115ml
Foodland Balaklava,2025-05-04 23:58:42,Napro Palette Intensive Creme Colour Permanent 4 - 88 Intensive Dark Red,N/A,was $10.85,$9.50,N/A,https://foodlandbalaklava.com.au//lines/napro-pal-4-88-int-drk-rd-115m
Foodland Balaklava,2025-05-04 23:58:42,Napro Palette Intensive Creme Colour Permanent 6 - 888 Intensive Red,N/A,was $10.85,$9.50,N/A,https://foodlandbalaklava.com.au//lines/napro-pal-6-888-int-red-115ml
Foodland Balaklava,2025-05-04 23:58:42,Napro Palette Permanent Hair Colour 1-1 Blue Black,N/A,was $10.85,$9.50,N/A,https://foodlandbalaklava.com.au//lines/napro-pal-1-1-blue-black-115ml
Foodland Balaklava,2025-05-04 23:58:42,Napro Palette Permanent Hair Colour 3-0 Dark Brown,N/A,was $10.85,$9.50,N/A,https://foodlandbalaklava.com.au//lines/napro-pal-3-0-dark-brown-115ml
Foodland Balaklava,2025-05-04 23:58:42,Napro Palette Permanent Hair Colour 3-65 Chocolate Brown,N/A,was $10.85,$9.50,N/A,https://foodlandbalaklava.com.au//lines/napro-pal-3-65-choc-brn-115ml
Foodland Balaklava,2025-05-04 23:58:42,Napro Palette Permanent Hair Colour 4-0 Medium Brown,N/A,was $10.85,$9.50,N/A,https://foodlandbalaklava.com.au//lines/napro-pal-h-c-4-0-m-brwn-115ml
Foodland Balaklava,2025-05-04 23:58:42,Napro Palette Permanent Hair Colour 5-5 Light Gold Brown,N/A,was $10.85,$9.50,N/A,https://foodlandbalaklava.com.au//lines/napro-pal-5-5-lgt-gld-brn-115m
Foodland Balaklava,2025-05-04 23:58:42,Napro Palette Permanent Hair Colour 5-68 Chestnut,N/A,was $10.85,$9.50,N/A,https://foodlandbalaklava.com.au//lines/napro-pal-5-68-chestnut-115ml
Foodland Balaklava,2025-05-04 23:58:42,Napro Palette Permanent Hair Colour 5-99 Rosewood Violet,N/A,was $10.85,$9.50,N/A,https://foodlandbalaklava.com.au//lines/napro-pal-5-99-rosew-vio-115ml
Foodland Balaklava,2025-05-04 23:58:42,Napro Palette Permanent Hair Colour 7-0 Light Brown,N/A,was $10.85,$9.50,N/A,https://foodlandbalaklava.com.au//lines/napro-pal-7-0-lgt-brown-115ml
Foodland Balaklava,2025-05-04 23:58:42,Nat/​Org B/​Wash Wld/​Lavend400ml,N/A,N/A,$3.70,$0.92 per 100mL,https://foodlandbalaklava.com.au//lines/nat-org-b-wash-wld-lavend400ml
Foodland Balaklava,2025-05-04 23:58:42,Natralus Hand Repair Crm,75mL,was $11.95,$10.30,$13.73 per 100mL,https://foodlandbalaklava.com.au//lines/natralus-hand-repair-crm-75ml
Foodland Balaklava,2025-05-04 23:58:42,Natralus Hnd&​Skn Shld/​Rep100gm,N/A,was $18.00,$14.40,$14.40 per 100g,https://foodlandbalaklava.com.au//lines/natralus-hnd-skn-shld-rep100gm
Foodland Balaklava,2025-05-04 23:58:42,Natralus Hyd/​Gel Skn Rep,200mL,was $16.55,$14.40,$7.20 per 100mL,https://foodlandbalaklava.com.au//lines/natralus-hyd-gel-skn-rep-200ml
Foodland Balaklava,2025-05-04 23:58:42,Natralus My Little One Happy Bottom Nappy Barrier Cream,100g,was $14.75,$12.90,$12.90 per 100g,https://foodlandbalaklava.com.au//lines/natralus-baby-crm-nap-bar100ml
Foodland Balaklava,2025-05-04 23:58:42,Natural Chip Co Honey BBQ,150g,was $5.25,$3.60,$2.40 per 100g,https://foodlandbalaklava.com.au//lines/nat-chip-co-hny-bbq-150g
Foodland Balaklava,2025-05-04 23:58:42,Natural Chip Company Sour Cream & Garden Chives,175g,was $5.25,$3.60,$2.06 per 100g,https://foodlandbalaklava.com.au//lines/nat-chip-co-s-crm-chves-175g
Foodland Balaklava,2025-05-04 23:58:42,Natural P/​Crn Grndr Blk,50g,N/A,$5.25,$1.05 per 10g,https://foodlandbalaklava.com.au//lines/natural-p-crn-grndr-blk-50gm
Foodland Balaklava,2025-05-04 23:58:42,Nature Valley Crunchy Canadian Maple Syrup Granola Bars 6 Pack (​6x2),252g,was $7.25,$5.50,$2.18 per 100g,https://foodlandbalaklava.com.au//lines/n-valley-crnch-br-maple-252gm
Foodland Balaklava,2025-05-04 23:58:42,Nature Valley Crunchy Family Variety Granola Bar 12 Pack (​12x2),504g,was $10.50,$9.50,$1.88 per 100g,https://foodlandbalaklava.com.au//lines/n-valley-mues-bar-fam-var504gm
Foodland Balaklava,2025-05-04 23:58:42,Nature Valley Crunchy Variety Granola Bars 6 Pack (​6x2),252g,was $7.25,$5.50,$2.18 per 100g,https://foodlandbalaklava.com.au//lines/n-valley-crnch-br-var-pk-252gm
Foodland Balaklava,2025-05-04 23:58:42,Nature Valley Peanut & Chocolate Protein Bars 4 Pack,152g,was $6.30,$5.50,$3.62 per 100g,https://foodlandbalaklava.com.au//lines/n-valley-bar-pro-pnt-chc-152g
Foodland Balaklava,2025-05-04 23:58:42,Nature's Delight Party Mix,500g,N/A,$7.00,$1.40 per 100g,https://foodlandbalaklava.com.au//lines/nocelle-party-mix-500gm
Foodland Balaklava,2025-05-04 23:58:42,Nature's Gift Dog Roll Kangaroo Sweet Potato & Pea,1.4kg,was $6.30,$4.80,$0.34 per 100g,https://foodlandbalaklava.com.au//lines/nat-gft-d-rl-roo-s-pt-pea1-4kg
Foodland Balaklava,2025-05-04 23:58:42,Nature's Gift™ Adult All Breeds Casserole Kangaroo & Vegetables Wet Dog Food,700g,N/A,$3.50,$0.50 per 100g,https://foodlandbalaklava.com.au//lines/nat-gift-d-fd-cas-kan-vg-700gm
Foodland Balaklava,2025-05-04 23:58:42,"Nature's Gift™ Adult All Breeds Casserole Lamb, Vegetable & Barley Wet Dog Food",700g,N/A,$3.50,$0.50 per 100g,https://foodlandbalaklava.com.au//lines/nat-gift-d-fd-lamb-veg-700gm
Foodland Balaklava,2025-05-04 23:58:42,Nature's Gift™ Adult All Breeds Healthy Weight Chicken Dry Dog Food,2.5kg,was $18.40,$14.95,$0.60 per 100g,https://foodlandbalaklava.com.au//lines/nat-gift-d-fd-h-wght-chk-2-5kg
Foodland Balaklava,2025-05-04 23:58:42,Nature's Gift™ Adult All Breeds Loaf Prime Beef In Gravy Wet Dog Food,600g,was $8.95,$5.95,$0.99 per 100g,https://foodlandbalaklava.com.au//lines/nat-gift-d-fd-beef-6x100gm
Foodland Balaklava,2025-05-04 23:58:42,Nature's Gift™ Adult All Breeds Loaf Real Chicken Wet Dog Food,100g,was $1.70,$1.00,$1.00 per 100g,https://foodlandbalaklava.com.au//lines/nat-gift-d-fd-real-chick-100gm
Foodland Balaklava,2025-05-04 23:58:43,Nature's Gift™ Adult All Breeds Loaf Real Chicken Wet Dog Food,600g,was $8.95,$5.95,$0.99 per 100g,https://foodlandbalaklava.com.au//lines/nat-gift-d-fd-chicken-6x100gm
Foodland Balaklava,2025-05-04 23:58:43,Nature's Gift™ Adult All Breeds Loaf With Beef Barley & Vegetables Wet Dog Food,700g,N/A,$3.50,$0.50 per 100g,https://foodlandbalaklava.com.au//lines/nat-gift-d-fd-bf-barl-vg-700gm
Foodland Balaklava,2025-05-04 23:58:43,"Nature's Gift™ Adult All Breeds Loaf With Kangaroo, Vegetables & Rice Wet Dog Food",700g,N/A,$3.50,$0.50 per 100g,https://foodlandbalaklava.com.au//lines/nat-gift-d-fd-kangaroo-700gm
Foodland Balaklava,2025-05-04 23:58:43,Nature's Gift™ Adult All Breeds Prime Beef In Gravy Wet Dog Food,100g,was $1.70,$1.00,$1.00 per 100g,https://foodlandbalaklava.com.au//lines/nat-gift-d-fd-prm-bf-cut-100gm
Foodland Balaklava,2025-05-04 23:58:43,"Nature's Gift™ Adult All Breeds Slow Cooked With Beef, Rice, Pumpkin & Split Peas Chilled Dog Food",440g,was $6.30,$4.20,$0.95 per 100g,https://foodlandbalaklava.com.au//lines/nat-gift-d-fd-bf-rce-2x220gm
Foodland Balaklava,2025-05-04 23:58:43,Nature's Gift™ Adult All Breeds Strips Kangaroo In Gravy Adult Dog Wet Food,600g,was $8.95,$5.95,$0.99 per 100g,https://foodlandbalaklava.com.au//lines/nat-gift-d-fd-kangaroo-6x100gm
Foodland Balaklava,2025-05-04 23:58:43,Nature's Gift™ Adult All Breeds With Beef Dry Dog Food,2.5kg,was $18.40,$14.95,$0.60 per 100g,https://foodlandbalaklava.com.au//lines/nat-gift-d-fd-beef-dry-2-5kg
Foodland Balaklava,2025-05-04 23:58:43,Nature's Gift™ Adult All Breeds With Chicken & Fish Dry Dog Food,2.5kg,was $18.40,$14.95,$0.60 per 100g,https://foodlandbalaklava.com.au//lines/natures-gift-chkn-fish-2-5kg
Foodland Balaklava,2025-05-04 23:58:43,Nature's Gift™ Adult All Breeds With Kangaroo & Mixed Vegetables Dry Dog Food,6kg,was $36.75,$28.00,$0.47 per 100g,https://foodlandbalaklava.com.au//lines/nat-gift-d-fd-kang-sustn-6kg
Foodland Balaklava,2025-05-04 23:58:43,Nature's Gift™ Mini Bites Beef With Liver Treats,130g,N/A,$3.70,$2.85 per 100g,https://foodlandbalaklava.com.au//lines/nat-gift-treats-mini-beef300gm
Foodland Balaklava,2025-05-04 23:58:43,Nature's Gift™ Mini Bites Kangaroo Treats,130g,N/A,$3.70,$2.85 per 100g,https://foodlandbalaklava.com.au//lines/nat-gift-treat-kangaroo-130gm
Foodland Balaklava,2025-05-04 23:58:43,Nature's Own Magnesium Chelate 500mg 75 Capsules 75 X 500mg,N/A,was $15.95,$14.40,$19.20 Units100,https://foodlandbalaklava.com.au//lines/nat-own-magnesium-500mg-75s-1
Foodland Balaklava,2025-05-04 23:58:43,Nature's Own Vitamin B12 1000mcg 60 Tablets,N/A,was $20.50,$15.45,$25.75 Units100,https://foodlandbalaklava.com.au//lines/nat-own-vit-b12-1000mcg-60s
Foodland Balaklava,2025-05-04 23:58:43,"Nature's Way Adult Vita Gummies Hair, Skin & Nails 60s",N/A,N/A,$24.00,$40.00 Units100,https://foodlandbalaklava.com.au//lines/nat-way-vita-gum-h-skn-nl-60s
Foodland Balaklava,2025-05-04 23:58:43,Nature's Way Adult Vita Gummies Multivitamin 120's,N/A,N/A,$24.00,$20.00 Units100,https://foodlandbalaklava.com.au//lines/nat-way-vita-gummies-mlti-120s
Foodland Balaklava,2025-05-04 23:58:43,Nature's Way Adult Vita Gummies Vitamin C 120's,N/A,N/A,$24.00,$20.00 Units100,https://foodlandbalaklava.com.au//lines/nat-way-vita-gummies-vitc-120s
Foodland Balaklava,2025-05-04 23:58:43,Nature's Way Adult Vita Gummies Women's Multi 100s,N/A,N/A,$24.00,$24.00 Units100,https://foodlandbalaklava.com.au//lines/nat-way-gummies-wom-multi-100s
Foodland Balaklava,2025-05-04 23:58:43,Nature's Way Complete Daily Multivitamin 100s,N/A,N/A,$12.60,$12.60 Units100,https://foodlandbalaklava.com.au//lines/nat-way-m-vit-comp-daily-100s
Foodland Balaklava,2025-05-04 23:58:43,Nature's Way High Strength Iron 30 Tablets,N/A,N/A,$14.70,$49.00 Units100,https://foodlandbalaklava.com.au//lines/nat-way-high-strength-iron-30s
Foodland Balaklava,2025-05-04 23:58:43,Nature's Way High Strength Magnesium 150 Tablets,N/A,N/A,$28.35,$18.90 Units100,https://foodlandbalaklava.com.au//lines/nat-way-magnesium-150s
Foodland Balaklava,2025-05-04 23:58:43,Nature's Way Kids Smart Probiotic Choc Balls 50 Choc Balls,125g,N/A,$17.50,$35.00 Units100,https://foodlandbalaklava.com.au//lines/nat-way-kid-smt-choc-balls-50s
Foodland Balaklava,2025-05-04 23:58:43,Nature's Way Kids Smart Vita Gummies Multi-Vitamin Plus 60's,N/A,N/A,$17.00,$28.33 Units100,https://foodlandbalaklava.com.au//lines/nat-way-kid-smrtv-gum-mult-60s
Foodland Balaklava,2025-05-04 23:58:43,Nature's Way Kids Smart Vita Gummies Vitamin C + Zinc 60's,N/A,N/A,$17.00,$28.33 Units100,https://foodlandbalaklava.com.au//lines/nat-way-kid-smt-v-gum-vitc-60s
Foodland Balaklava,2025-05-04 23:58:43,Nature's Way Sugarless Vitamin C 500mg 300s,N/A,N/A,$18.90,$6.30 Units100,https://foodlandbalaklava.com.au//lines/nat-way-vit-c-500gm-300s
Foodland Balaklava,2025-05-04 23:58:43,Natures Cuppa Chai Organic Spice Tea 50pk,100g,N/A,$8.95,$8.95 per 100g,https://foodlandbalaklava.com.au//lines/nat-cup-org-t-bag-chai-50s
Foodland Balaklava,2025-05-04 23:58:43,Natures Cuppa Organic Ceylon Tea 60pk 20% Extra Free,N/A,N/A,$8.10,$6.14 per 100g,https://foodlandbalaklava.com.au//lines/nat-cup-t-bag-green-60s
Foodland Balaklava,2025-05-04 23:58:43,Natures Cuppa Organic English Breakfast 60pk 20% Extra Free,N/A,N/A,$8.10,$6.14 per 100g,https://foodlandbalaklava.com.au//lines/nat-cup-t-bag-eng-brkfst-60s
Foodland Balaklava,2025-05-04 23:58:43,Natures Del Soya Crisps,500g,was $9.59,$8.45,$1.88 per 100g,https://foodlandbalaklava.com.au//lines/nocelle-soya-crisps-pln-450gm
Foodland Balaklava,2025-05-04 23:58:43,Natures Delight Apricot Coconut Slice,500g,N/A,$9.99,$2.00 per 100g,https://foodlandbalaklava.com.au//lines/nocelle-apr-coconut-slice-500gm
Foodland Balaklava,2025-05-04 23:58:43,Natures Delight Coconut Water,1L,N/A,$4.29,$4.29 per L,https://foodlandbalaklava.com.au//lines/nocelle-coconut-water-1lt
Foodland Balaklava,2025-05-04 23:58:43,Natures Delight L.​A. Mix,500g,N/A,$8.59,$1.72 per 100g,https://foodlandbalaklava.com.au//lines/nocelle-la-mix-500gm
Foodland Balaklava,2025-05-04 23:58:43,Natures Delight Licorice Allsorts,275g,N/A,$5.99,$2.18 per 100g,https://foodlandbalaklava.com.au//lines/nocelle-licorice-allsorts-275g
Foodland Balaklava,2025-05-04 23:58:43,Natures Delight Macadamias Raw,300g,N/A,$18.59,$6.20 per 100g,https://foodlandbalaklava.com.au//lines/nocelle-raw-macadamias-300g
Foodland Balaklava,2025-05-04 23:58:43,Natures Delight Millionaires Mix,500g,was $8.99,$8.25,$1.65 per 100g,https://foodlandbalaklava.com.au//lines/nocelle-millionaires-mix-500gm
Foodland Balaklava,2025-05-04 23:58:43,Natures Delight Paleo Mix,375g,N/A,$8.99,$2.40 per 100g,https://foodlandbalaklava.com.au//lines/nocelle-paleo-mix-375gm
Foodland Balaklava,2025-05-04 23:58:43,Natures Delights Fruit Salad,500g,was $11.99,$11.25,$2.25 per 100g,https://foodlandbalaklava.com.au//lines/nocelle-fruit-salad-500gm
Foodland Balaklava,2025-05-04 23:58:43,Natures Gift Dog Roll Chicken & Veg,1.4kg,was $6.30,$4.80,$0.34 per 100g,https://foodlandbalaklava.com.au//lines/nat-gift-del-rol-chk-veg-1-4kg
Foodland Balaklava,2025-05-04 23:58:43,Natures Gift™ Adult All Breeds Succulent Lamb Wet Dog Food,100g,was $1.70,$1.00,$1.00 per 100g,https://foodlandbalaklava.com.au//lines/nat-gift-d-fd-succ-lamb-100gm
Foodland Balaklava,2025-05-04 23:58:43,Natures Goodness™ Grain Free Adult Dog Roast Meat With Sweet Potato Chilled Roll,2.15kg,N/A,$8.40,$0.39 per 100g,https://foodlandbalaklava.com.au//lines/vip-natures-rst-gf-dog-rl-1-8k
Foodland Balaklava,2025-05-04 23:58:43,Natures Goodness™ Grain Free Mature Dog Roast Turkey & Steamed Vegetables Chilled Roll,2.15kg,N/A,$8.40,$0.39 per 100g,https://foodlandbalaklava.com.au//lines/vip-natures-lte-tky-veg-rl1-8k
Foodland Balaklava,2025-05-04 23:58:43,Natures Lane Tri Quinoa,750g,was $10.99,$10.80,$1.44 per 100g,https://foodlandbalaklava.com.au//lines/natures-lane-tri-quinoa-750gm
Foodland Balaklava,2025-05-04 23:58:43,Natures Organics Fruits Conditioner Apple Fresh,500mL,was $2.10,$1.95,$0.39 per 100mL,https://foodlandbalaklava.com.au//lines/nat-org-cond-apple-500ml
Foodland Balaklava,2025-05-04 23:58:43,Natures Organics Fruits Shampoo Apple Fresh,500mL,was $2.10,$1.95,$0.39 per 100mL,https://foodlandbalaklava.com.au//lines/nat-org-s-poo-apple-500ml
Foodland Balaklava,2025-05-04 23:58:43,Natures Organics Spa Energising Mens Aqua Fresh Shower Gel,400mL,was $3.70,$3.10,$0.78 per 100mL,https://foodlandbalaklava.com.au//lines/nat-org-shw-gel-mens-400ml
Foodland Balaklava,2025-05-04 23:58:43,Natures Organics Spa Fruit Sensations Shower Gel,400mL,N/A,$3.70,$0.92 per 100mL,https://foodlandbalaklava.com.au//lines/nat-org-b-wash-frt-sensat400ml
Foodland Balaklava,2025-05-04 23:58:43,Natures Organics Spa Vanilla Berry Shower Milk With Shea Butter,400mL,N/A,$3.70,$0.92 per 100mL,https://foodlandbalaklava.com.au//lines/nat-org-b-wash-van-berry-400ml
Foodland Balaklava,2025-05-04 23:58:43,Nature’​S Delight Banana Chips,300g,N/A,$5.99,$2.00 per 100g,https://foodlandbalaklava.com.au//lines/nocelle-banana-chips-300gm
Foodland Balaklava,2025-05-04 23:58:43,Nature’​S Delight Chocolate Fruity Yoghurt Smash Mix,400g,N/A,$7.49,$1.87 per 100g,https://foodlandbalaklava.com.au//lines/nocelle-choc-frt-ygt-smash-400gm
Foodland Balaklava,2025-05-04 23:58:44,Nature’​S Delight Deluxe Apricot Mix,350g,N/A,$8.99,$2.57 per 100g,https://foodlandbalaklava.com.au//lines/nocelle-apricot-deluxe-350gm
Foodland Balaklava,2025-05-04 23:58:44,Nature’​S Delight Deluxe Raspberry Mix,400g,was $7.99,$6.70,$1.91 per 100g,https://foodlandbalaklava.com.au//lines/nocelle-raspberry-deluxe-350gm
Foodland Balaklava,2025-05-04 23:58:44,Nature’​S Delight Soya Crisps,200g,N/A,$5.99,$3.00 per 100g,https://foodlandbalaklava.com.au//lines/nocelle-soya-crisp-plain-200gm
Foodland Balaklava,2025-05-04 23:58:44,Natvia Natural Sweetener,300g,N/A,$8.15,$2.72 per 100g,https://foodlandbalaklava.com.au//lines/natvia-swtn-nat-canister-300g
Foodland Balaklava,2025-05-04 23:58:44,Natvia Tablets Tin 200,N/A,N/A,$8.10,$0.04 Each,https://foodlandbalaklava.com.au//lines/natvia-swtn-nat-200s-tab-12gm
Foodland Balaklava,2025-05-04 23:58:44,Nba Hoops 24/​25 Trading Cards,N/A,N/A,$4.00,N/A,https://foodlandbalaklava.com.au//lines/nba-hoops-24-25-trading-cards
Foodland Balaklava,2025-05-04 23:58:44,Nd Frz Drd Candy Clouds,120g,was $5.99,$4.60,$3.83 per 100g,https://foodlandbalaklava.com.au//lines/nd-frz-drd-candy-clouds-120g
Foodland Balaklava,2025-05-04 23:58:44,Nd Frz Drd Drd Peach Rings,100g,was $5.99,$4.60,$4.60 per 100g,https://foodlandbalaklava.com.au//lines/nd-frz-drd-drd-peach-rings-100g
Foodland Balaklava,2025-05-04 23:58:44,Nd Frz Drd Sour Worms,100g,was $5.99,$4.60,$4.60 per 100g,https://foodlandbalaklava.com.au//lines/nd-frz-drd-sour-worms-100g
Foodland Balaklava,2025-05-04 23:58:44,Nd Frz Drd Watermelon,100g,was $5.99,$4.60,$4.60 per 100g,https://foodlandbalaklava.com.au//lines/nd-frz-drd-watermelon-100g
Foodland Balaklava,2025-05-04 23:58:44,Neoprene Surf Strap-Black Each,N/A,N/A,$6.50,N/A,https://foodlandbalaklava.com.au//lines/neoprene-surf-strap-black-each
Foodland Balaklava,2025-05-04 23:58:44,Nerada Cup Or Pot Tea Bags 200's,400g,N/A,$7.50,$2.08 per 100g,https://foodlandbalaklava.com.au//lines/nerada-t-pot-bags-fam-200s
Foodland Balaklava,2025-05-04 23:58:44,Nerada Loose Leaf Tea,250g,N/A,$4.70,$1.88 per 100g,https://foodlandbalaklava.com.au//lines/nerada-leaf-tea-250g
Foodland Balaklava,2025-05-04 23:58:44,Nerada Org Rosehip T/​Bags 40's,N/A,N/A,$6.50,$10.83 per 100g,https://foodlandbalaklava.com.au//lines/nerada-org-rosehip-t-bags-40-s
Foodland Balaklava,2025-05-04 23:58:44,Nerada Organics Green Tea 50pk,75g,N/A,$6.50,$8.67 per 100g,https://foodlandbalaklava.com.au//lines/nerada-org-grn-t-bags-50pk-75gm
Foodland Balaklava,2025-05-04 23:58:44,Nerada Organics Pure Camomile 40's 40pk,N/A,N/A,$6.50,$10.83 per 100g,https://foodlandbalaklava.com.au//lines/nerada-org-camomile-t-bags-40-s
Foodland Balaklava,2025-05-04 23:58:44,Nerada Tea Bags 100pk,N/A,N/A,$4.20,$4.20 Units100,https://foodlandbalaklava.com.au//lines/nerada-cup-pots-100s
Foodland Balaklava,2025-05-04 23:58:44,Nerada Tea Cup Tea Bags 100's,N/A,N/A,$7.00,$3.89 per 100g,https://foodlandbalaklava.com.au//lines/nerada-tea-cup-bags-100s
Foodland Balaklava,2025-05-04 23:58:44,Nerada Teabags Peppermint & Ginger Org Anic 40,N/A,N/A,$6.50,$10.83 per 100g,https://foodlandbalaklava.com.au//lines/nerada-org-p-mint-ginger-t-bags-40-s
Foodland Balaklava,2025-05-04 23:58:44,Nescafe 98% Sugar Free Hazelnut Latte Coffee Sachets 10 Pack,N/A,N/A,$8.00,$5.93 per 100g,https://foodlandbalaklava.com.au//lines/nescafe-sach-hazelnt-98-s-f10s
Foodland Balaklava,2025-05-04 23:58:44,Nescafe Black Espresso Concentrate,500mL,N/A,$11.55,$2.31 per 100mL,https://foodlandbalaklava.com.au//lines/nescafe-coff-esp-con-blk-500ml
Foodland Balaklava,2025-05-04 23:58:44,Nescafe Blend 43 Decaf,250g,N/A,$22.05,$8.82 per 100g,https://foodlandbalaklava.com.au//lines/nescafe-decaf-coffee-250gm
Foodland Balaklava,2025-05-04 23:58:44,Nescafe Blend 43 Espresso,150g,N/A,$14.50,$9.67 per 100g,https://foodlandbalaklava.com.au//lines/nescafe-espresso-150gm
Foodland Balaklava,2025-05-04 23:58:44,Nescafe Blend 43 Mild Roast,150g,N/A,$14.50,$9.67 per 100g,https://foodlandbalaklava.com.au//lines/nescafe-mild-roast-150gm
Foodland Balaklava,2025-05-04 23:58:44,Nescafe Blend 43 Mild Roast,250g,N/A,$20.80,$8.32 per 100g,https://foodlandbalaklava.com.au//lines/nescafe-mild-roast-250gm
Foodland Balaklava,2025-05-04 23:58:44,Nescafe Blend 43 Original,43g,N/A,$8.20,$16.40 per 100g,https://foodlandbalaklava.com.au//lines/nescafe-blend-43-50gm
Foodland Balaklava,2025-05-04 23:58:44,Nescafe Blend 43 Smooth & Creamy,140g,N/A,$14.50,$10.36 per 100g,https://foodlandbalaklava.com.au//lines/nescafe-blend-43-smth-crm140gm
Foodland Balaklava,2025-05-04 23:58:44,Nescafe Blend 43 Smooth & Creamy,250g,N/A,$20.80,$8.32 per 100g,https://foodlandbalaklava.com.au//lines/nescafe-blend-43-smth-crm250gm
Foodland Balaklava,2025-05-04 23:58:44,Nescafe Coffee Cappuccino Skim 26pk,N/A,N/A,$11.00,$3.31 per 100g,https://foodlandbalaklava.com.au//lines/nescafe-menu-coff-cap-skm-26pk
Foodland Balaklava,2025-05-04 23:58:44,Nescafe Double Shot Latte Coffee Sachets 10 Pack,N/A,N/A,$8.00,$5.33 per 100g,https://foodlandbalaklava.com.au//lines/nescafe-sach-latte-d-shot-10pk
Foodland Balaklava,2025-05-04 23:58:44,Nescafe Farmers Origins Colombia Nespresso Compatible Coffee Pods 10 Pack,N/A,was $8.00,$7.10,$16.14 per 100g,https://foodlandbalaklava.com.au//lines/nescafe-caps-colombia-10s
Foodland Balaklava,2025-05-04 23:58:44,Nescafe Farmers Origins India Nespresso Compatible Coffee Pods,10 x 4.4g,N/A,$8.00,$18.18 per 100g,https://foodlandbalaklava.com.au//lines/nescafe-caps-ncc-india-10s
Foodland Balaklava,2025-05-04 23:58:44,Nescafe Gold Coffee Smooth Intensity 3,3g,N/A,$14.50,$16.11 per 100g,https://foodlandbalaklava.com.au//lines/nescafe-gold-smooth-int3-90gm
Foodland Balaklava,2025-05-04 23:58:44,Nescafe Gold Decaf Instant Coffee,5g,N/A,$14.50,$14.50 per 100g,https://foodlandbalaklava.com.au//lines/nescafe-gold-decafienate-100gm-1
Foodland Balaklava,2025-05-04 23:58:44,Nescafe Gold Intense Coffee,7g,N/A,$14.50,$14.50 per 100g,https://foodlandbalaklava.com.au//lines/nescafe-gold-intnse-int-7100gm
Foodland Balaklava,2025-05-04 23:58:44,Nescafe Gold Original,200g,N/A,$20.00,$10.00 per 100g,https://foodlandbalaklava.com.au//lines/nescafe-gold-original-200gm-2
Foodland Balaklava,2025-05-04 23:58:44,Nescafe Gold Original Instant Coffee Jar,100g,N/A,$14.50,$14.50 per 100g,https://foodlandbalaklava.com.au//lines/nescafe-gold-original-100gm-1
Foodland Balaklava,2025-05-04 23:58:44,Nescafe Gold Short Black Instant Coffee,9g,N/A,$14.50,$14.50 per 100g,https://foodlandbalaklava.com.au//lines/nescafe-short-black-100gm-1
Foodland Balaklava,2025-05-04 23:58:44,Nescafe Intense Gold Coffee,7g,N/A,$20.00,$10.00 per 100g,https://foodlandbalaklava.com.au//lines/nescafe-gold-coff-int7-200gm
Foodland Balaklava,2025-05-04 23:58:44,Nescafe Latte Coffee Sachets,10 x 15g,N/A,$8.00,$5.33 per 100g,https://foodlandbalaklava.com.au//lines/nescafe-sach-latte-10s
Foodland Balaklava,2025-05-04 23:58:44,Nescafe Mocha Coffee Sachets,10 x 18g,N/A,$8.00,$4.44 per 100g,https://foodlandbalaklava.com.au//lines/nescafe-sach-mocha-10pk
Foodland Balaklava,2025-05-04 23:58:44,Nescafe Sweet Vanilla Espresso Concentrate,500mL,N/A,$11.55,$2.31 per 100mL,https://foodlandbalaklava.com.au//lines/nescafe-coff-esp-con-van-500ml
Foodland Balaklava,2025-05-04 23:58:44,Nescafe Vanilla Latte Coffee Sachets,26 x 26g,N/A,$11.00,$2.29 per 100g,https://foodlandbalaklava.com.au//lines/nescafe-menu-cof-vanilla-26pk
Foodland Balaklava,2025-05-04 23:58:44,Nescafe White Choc Mocha Inspired By Milkybar Coffee Sachets 8 Pack 8pk,N/A,N/A,$8.00,$5.71 per 100g,https://foodlandbalaklava.com.au//lines/nescafe-sach-m-bar-w-choc-8pk
Foodland Balaklava,2025-05-04 23:58:44,Nescafe® Dolce Gusto® Americano Rich Aroma Coffee Capsules Box Of 16 Servings,128g,was $11.55,$8.50,$5.31 per 100g,https://foodlandbalaklava.com.au//lines/nescafe-d-gus-americano-16pk-1
Foodland Balaklava,2025-05-04 23:58:44,Nescafe® Dolce Gusto® Cafe Au Lait Coffee Capsules Box Of 16 Servings,160g,was $11.55,$8.50,$5.31 per 100g,https://foodlandbalaklava.com.au//lines/nescafe-d-gus-cafe-au-lait16pk
Foodland Balaklava,2025-05-04 23:58:44,Nescafe® Dolce Gusto® Cappuccino Coffee Capsules Box Of 8 Servings,186g,was $11.55,$8.50,$4.57 per 100g,https://foodlandbalaklava.com.au//lines/nescafe-d-gus-cappucino-16pk
Foodland Balaklava,2025-05-04 23:58:44,Nescafe® Dolce Gusto® Ristretto Ardenza Capsules Box Of 16 Pods,N/A,was $11.55,$8.50,$8.17 per 100g,https://foodlandbalaklava.com.au//lines/nescafe-d-gus-rist-ardnza-16s
Foodland Balaklava,2025-05-04 23:58:46,Nestle Aero Milk Chocolate Block,118g,was $7.35,$6.20,$5.25 per 100g,https://foodlandbalaklava.com.au//lines/nes-choc-aero-milk-118g
Foodland Balaklava,2025-05-04 23:58:46,Nestle Aero Orange Block,118g,was $7.35,$6.20,$5.25 per 100g,https://foodlandbalaklava.com.au//lines/nes-choc-aero-orange-118gm
Foodland Balaklava,2025-05-04 23:58:46,Nestle Aero Peppermint Chocolate Bar,60g,was $3.05,$2.25,$3.75 per 100g,https://foodlandbalaklava.com.au//lines/nes-choc-aero-p-mint-k-s-60gm
Foodland Balaklava,2025-05-04 23:58:46,Nestle Bakers' Choice Dark Choc Melts,290g,N/A,$6.30,$2.17 per 100g,https://foodlandbalaklava.com.au//lines/nes-choc-melts-dark-290gm
Foodland Balaklava,2025-05-04 23:58:46,Nestle Bakers' Choice Milk Choc Bits,200g,N/A,$7.35,$3.68 per 100g,https://foodlandbalaklava.com.au//lines/nes-chocbits-milk-200gm
Foodland Balaklava,2025-05-04 23:58:46,Nestle Bakers' Choice Milk Choc Bits Value Pack,375g,was $11.80,$9.00,$2.40 per 100g,https://foodlandbalaklava.com.au//lines/nes-chocbits-mlk-chc-375gm
Foodland Balaklava,2025-05-04 23:58:46,Nestle Bakers' Choice Milk Choc Melts,290g,N/A,$6.30,$2.17 per 100g,https://foodlandbalaklava.com.au//lines/nes-choc-melts-milk-290gm
Foodland Balaklava,2025-05-04 23:58:46,Nestle Baking Cocoa,190g,was $10.50,$8.00,$4.21 per 100g,https://foodlandbalaklava.com.au//lines/nestle-baking-cocoa-190gm
Foodland Balaklava,2025-05-04 23:58:46,Nestle Carnation Lite Cooking Cream,300mL,N/A,$4.00,$1.33 per 100mL,https://foodlandbalaklava.com.au//lines/carnation-cooking-crm-lt-300ml-1
Foodland Balaklava,2025-05-04 23:58:46,"Nestle Caro, A Delicious Cereal Beverage That Is Naturally Caffeine Free",150g,N/A,$7.55,$5.03 per 100g,https://foodlandbalaklava.com.au//lines/caro-inst-nat-bev-150gm
Foodland Balaklava,2025-05-04 23:58:46,Nestle Chokito Choc Block,12 x 170g,was $7.35,$6.20,$3.65 per 100g,https://foodlandbalaklava.com.au//lines/nes-choc-chokito-block-170gm
Foodland Balaklava,2025-05-04 23:58:46,Nestle Coffee & Milk |,395g,N/A,$5.25,$1.33 per 100g,https://foodlandbalaklava.com.au//lines/nes-coffee-milk-395gm
Foodland Balaklava,2025-05-04 23:58:46,Nestle Crunch Milk Chocolate Bar,45g,was $2.65,$1.25,$2.78 per 100g,https://foodlandbalaklava.com.au//lines/nes-choc-crunch-45gm
Foodland Balaklava,2025-05-04 23:58:46,Nestle Health Science Sustagen Sustagen Dutch Chocolate Powder,550g,was $12.35,$10.50,$1.91 per 100g,https://foodlandbalaklava.com.au//lines/sustagen-pwder-orig-choc-550gm
Foodland Balaklava,2025-05-04 23:58:46,Nestle Health Science Sustagen® Everyday Vanilla Powder,550g,was $12.35,$10.50,$1.91 per 100g,https://foodlandbalaklava.com.au//lines/sustagen-pwder-orig-van-550gm
Foodland Balaklava,2025-05-04 23:58:46,Nestle Icy Pole Larrys Lemonade 8pk,600mL,N/A,$5.25,$0.88 per 100mL,https://foodlandbalaklava.com.au//lines/nes-m-p-icy-pole-lemonade-8s
Foodland Balaklava,2025-05-04 23:58:46,Nestle Kit Kat Chocolate Cookie Dough Block,170g,was $7.35,$6.20,$3.65 per 100g,https://foodlandbalaklava.com.au//lines/nes-kit-kat-ckie-dough-170gm
Foodland Balaklava,2025-05-04 23:58:46,Nestle Kit Kat Chocolate Drumstick Block,165g,was $7.35,$6.20,$3.76 per 100g,https://foodlandbalaklava.com.au//lines/nes-kit-kat-drumstk-blk-165g
Foodland Balaklava,2025-05-04 23:58:46,Nestle Kit Kat Chocolate Gold Crush,160g,was $7.35,$6.20,$3.88 per 100g,https://foodlandbalaklava.com.au//lines/nes-kit-kat-gold-crush-160g
Foodland Balaklava,2025-05-04 23:58:46,Nestle Kit Kat Chocolate Gold Crush,42g,was $2.65,$1.25,$2.98 per 100g,https://foodlandbalaklava.com.au//lines/nes-kit-kat-gold-crush-42g
Foodland Balaklava,2025-05-04 23:58:46,Nestle Kit Kat Chocolate Milk 4 Finger,42g,was $2.65,$1.25,$2.98 per 100g,https://foodlandbalaklava.com.au//lines/nes-kit-kat-4fngr-mlk-chc-42g
Foodland Balaklava,2025-05-04 23:58:46,Nestle Kit Kat Chocolate Milkybar 4 Finger,42g,was $2.65,$1.25,$2.98 per 100g,https://foodlandbalaklava.com.au//lines/nes-kit-kat-milkybar-4fing42gm
Foodland Balaklava,2025-05-04 23:58:46,Nestle Kit Kat Chocolate Neapolitan Block,160g,was $7.35,$6.20,$3.88 per 100g,https://foodlandbalaklava.com.au//lines/nes-kit-kat-neapolit-blk-160g
Foodland Balaklava,2025-05-04 23:58:46,Nestle Kit Kat Chocolate White Milkybar Block,160g,was $7.35,$6.20,$3.88 per 100g,https://foodlandbalaklava.com.au//lines/nes-kit-kat-mlky-bar-blk-160g
Foodland Balaklava,2025-05-04 23:58:46,Nestle Kit Kat Chunky Chocolate Caramel,45g,was $2.65,$1.25,$2.60 per 100g,https://foodlandbalaklava.com.au//lines/nes-kit-kat-chnky-choc-carm48g
Foodland Balaklava,2025-05-04 23:58:46,Nestle Kit Kat Sticks 4pk,N/A,was $12.10,$10.50,$2.30 per 100mL,https://foodlandbalaklava.com.au//lines/nes-m-p-kit-kat-4s-1
Foodland Balaklava,2025-05-04 23:58:46,Nestle Kitkat 4 Finger Milk Chocolate Share Bar,65g,was $3.05,$2.25,$3.46 per 100g,https://foodlandbalaklava.com.au//lines/nes-kit-kat-4fngr-k-size-65gm
Foodland Balaklava,2025-05-04 23:58:46,Nestle Kitkat Gooey Caramel Filled Chocolate Block,170g,was $7.35,$6.20,$3.65 per 100g,https://foodlandbalaklava.com.au//lines/nes-kit-kat-gooey-caraml-170gm
Foodland Balaklava,2025-05-04 23:58:46,Nestle Kitkat Milk Chocolate Share Pack 11 Pieces,154g,N/A,$7.35,$4.77 per 100g,https://foodlandbalaklava.com.au//lines/nes-kit-kat-milk-fnpk-154gm
Foodland Balaklava,2025-05-04 23:58:46,Nestle Malted Milk Drink,500g,N/A,$10.50,$2.10 per 100g,https://foodlandbalaklava.com.au//lines/nes-malted-milk-powder-500gm
Foodland Balaklava,2025-05-04 23:58:46,Nestle Milkybar Chocolate,44g,was $2.65,$1.25,$3.57 per 100g,https://foodlandbalaklava.com.au//lines/nes-milkybar-44g
Foodland Balaklava,2025-05-04 23:58:46,Nestle Milkybar Chocolate Biscoff,44g,was $2.65,$1.25,$2.84 per 100g,https://foodlandbalaklava.com.au//lines/nes-milkybar-choc-biscof-44g
Foodland Balaklava,2025-05-04 23:58:46,Nestle Milkybar Classic Chocolate Block,170g,was $7.35,$6.20,$3.65 per 100g,https://foodlandbalaklava.com.au//lines/nes-choc-milky-bar-170gm
Foodland Balaklava,2025-05-04 23:58:46,"Nestle Milo Duo Breakfast Cereal Chocolate, Malt And Vanilla",580g,was $10.00,$4.90,$0.84 per 100g,https://foodlandbalaklava.com.au//lines/nes-milo-duo-cereal-580g
Foodland Balaklava,2025-05-04 23:58:46,Nestle Milo I/​Crm,1.2L,was $10.50,$9.30,$0.78 per 100mL,https://foodlandbalaklava.com.au//lines/nestle-milo-i-crm-1-2l
Foodland Balaklava,2025-05-04 23:58:46,Nestle Nan Comfort Newborn Formula Stage 1 Suitable From Birth,800g,N/A,$21.00,$2.62 per 100g,https://foodlandbalaklava.com.au//lines/nan-inf-frml-comf-1-800gm
Foodland Balaklava,2025-05-04 23:58:46,"Nestle Nan Optipro 3 Toddler Milk Drink, Stage 3 –",800g,was $26.25,$24.00,$3.00 per 100g,https://foodlandbalaklava.com.au//lines/nan-pro-3-bby-inf-form-800gm
Foodland Balaklava,2025-05-04 23:58:46,Nestle Nan Supremepro 1 Infant Formula For Newborns Suitable From Birth,800g,was $40.90,$37.00,$4.62 per 100g,https://foodlandbalaklava.com.au//lines/nan-inf-frm-supreme-pro1-800gm
Foodland Balaklava,2025-05-04 23:58:46,Nestle Nan Supremepro Baby/​Infant Formula 2 Bl,800g,was $40.90,$37.00,$4.62 per 100g,https://foodlandbalaklava.com.au//lines/nan-inf-frm-supreme-pro2-800gm
Foodland Balaklava,2025-05-04 23:58:46,Nestle Nan Supremepro Baby/​Infant Formula 3 Bl,600g,was $31.50,$28.00,$3.50 per 100g,https://foodlandbalaklava.com.au//lines/nan-inf-frm-supreme-pro3-800gm
Foodland Balaklava,2025-05-04 23:58:46,Nestle Nesquik Breakfast Cereal,600g,N/A,$9.25,$1.54 per 100g,https://foodlandbalaklava.com.au//lines/nes-nesquik-cereal-600g
Foodland Balaklava,2025-05-04 23:58:46,Nestle Nesquik® Chocolate Flavoured Milk Drink,250g,N/A,$4.20,$1.68 per 100g,https://foodlandbalaklava.com.au//lines/nes-nesquik-chocolate-250gm
Foodland Balaklava,2025-05-04 23:58:46,Nestle Peters Life Savers 5 Flavours 8pk,530mL,N/A,$9.45,$1.76 per 100mL,https://foodlandbalaklava.com.au//lines/nes-m-p-lifesavers-8s
Foodland Balaklava,2025-05-04 23:58:46,Nestle Peters Light & Creamy French Vanilla 1.​8,N/A,N/A,$8.40,$0.47 per 100mL,https://foodlandbalaklava.com.au//lines/peters-i-crm-l-c-f-vanilla1-8l
Foodland Balaklava,2025-05-04 23:58:46,Nestle Peters Light & Creamy Slices Classic Vanilla 12pk 1.​2,N/A,N/A,$9.45,$0.79 per 100mL,https://foodlandbalaklava.com.au//lines/peters-i-crm-l-c-van-slc-mp12s
Foodland Balaklava,2025-05-04 23:58:46,Nestle Peters No Added Sugar Classic Vanilla 1.​2,N/A,N/A,$8.40,$0.70 per 100mL,https://foodlandbalaklava.com.au//lines/peters-i-crm-l-c-no-a-sgr-1-2l
Foodland Balaklava,2025-05-04 23:58:46,Nestle Peters Original Party Cake 1.​5,N/A,N/A,$14.70,$0.98 per 100mL,https://foodlandbalaklava.com.au//lines/peters-i-crm-cke-party-van1-5l
Foodland Balaklava,2025-05-04 23:58:46,Nestle Plaistowe 70% Cocoa Baking Chocolate Block,180g,N/A,$8.40,$4.67 per 100g,https://foodlandbalaklava.com.au//lines/nes-plaistowe-bk-choc-70-180gm
Foodland Balaklava,2025-05-04 23:58:47,Nestle Plaistowe Dark Chocolate Baking Block,180g,N/A,$8.40,$4.67 per 100g,https://foodlandbalaklava.com.au//lines/nes-plaistowe-bk-choc-drk180gm
Foodland Balaklava,2025-05-04 23:58:47,Nestle Plaistowe White Choc Baking Block,180g,N/A,$8.40,$4.67 per 100g,https://foodlandbalaklava.com.au//lines/plaistowe-cook-choc-white180gm
Foodland Balaklava,2025-05-04 23:58:47,Nestle Reduced Fat Cream,230mL,N/A,$4.20,$1.83 per 100mL,https://foodlandbalaklava.com.au//lines/nes-cream-reduced-fat-230ml
Foodland Balaklava,2025-05-04 23:58:47,Nestle Scorched Almonds Chocolate,240g,was $13.15,$11.00,$4.58 per 100g,https://foodlandbalaklava.com.au//lines/nes-almonds-scrchd-choc-240gm
Foodland Balaklava,2025-05-04 23:58:47,Nestle Smarties Chocolate Funpack Bag 11 Pack 11pk,127g,N/A,$7.35,$5.79 per 100g,https://foodlandbalaklava.com.au//lines/nes-smarties-funpk-127gm
Foodland Balaklava,2025-05-04 23:58:47,Nestle Sweetened Condensed Milk Tube Baking |,170g,N/A,$3.90,$2.29 per 100g,https://foodlandbalaklava.com.au//lines/nes-milk-cond-swt-tubes-170gm
Foodland Balaklava,2025-05-04 23:58:47,Nestle Top ‘​N' Fill Caramel,395g,N/A,$6.20,$1.57 per 100g,https://foodlandbalaklava.com.au//lines/nes-top-n-fill-caramel-395gm
Foodland Balaklava,2025-05-04 23:58:47,Nestle Uncle Tobys Muesli Bars Choc Faves Variety Pack X15 15pk,469g,N/A,$8.00,$1.71 per 100g,https://foodlandbalaklava.com.au//lines/u-toby-mues-b-chc-lvr-v-p469gm
Foodland Balaklava,2025-05-04 23:58:47,Nestle Xxx Mints,150g,was $5.25,$3.50,$2.33 per 100g,https://foodlandbalaklava.com.au//lines/allens-xxx-mints-150gm
Foodland Balaklava,2025-05-04 23:58:47,Neutrogena Beach Defence Spray Spf 50,184g,N/A,$22.00,$11.96 per 100g,https://foodlandbalaklava.com.au//lines/neut-s-s-beach-spry-spf50-184g
Foodland Balaklava,2025-05-04 23:58:47,Neutrogena Deep Clean Brightening Foaming Cleanser,150g,was $18.90,$17.75,$11.83 per 100g,https://foodlandbalaklava.com.au//lines/neut-dp-cln-foam-brght-150g
Foodland Balaklava,2025-05-04 23:58:47,Neutrogena Deep Clean Facial Gel Cleanser,150mL,was $18.90,$17.75,$11.83 per 100g,https://foodlandbalaklava.com.au//lines/neut-dp-cln-fac-gel-clnsr150gm
Foodland Balaklava,2025-05-04 23:58:47,Neutrogena Deep Clean Hydrating Foaming Cleanser,150g,was $18.90,$17.75,$11.83 per 100g,https://foodlandbalaklava.com.au//lines/neut-dp-cln-foam-clns-hyd150gm
Foodland Balaklava,2025-05-04 23:58:47,Neutrogena Deep Clean Invigorating Foaming Scrub,150g,was $18.90,$17.75,$11.83 per 100g,https://foodlandbalaklava.com.au//lines/neut-dp-cln-foam-srcb-invg150g
Foodland Balaklava,2025-05-04 23:58:47,Neutrogena Hand Cream,56g,was $10.50,$9.90,$17.68 per 100g,https://foodlandbalaklava.com.au//lines/neut-norweg-hand-crm-56g
Foodland Balaklava,2025-05-04 23:58:47,Neutrogena Hydro Boost Hyaluronic Acid Face Serum,30mL,was $39.90,$33.90,$113.00 per 100mL,https://foodlandbalaklava.com.au//lines/neut-h-b-hyaluric-serum-30ml
Foodland Balaklava,2025-05-04 23:58:47,Neutrogena Hydro Boost Hyaluronic Acid Night Cream Hydrating Face Moisturiser,50g,was $36.75,$30.75,$61.50 per 100g,https://foodlandbalaklava.com.au//lines/neut-h-b-night-crm-h-a-50gm
Foodland Balaklava,2025-05-04 23:58:47,Neutrogena Hydro Boost Hyaluronic Acid Water Gel Hydrating Face Moisturiser,50g,was $36.75,$30.75,$61.50 per 100g,https://foodlandbalaklava.com.au//lines/neut-h-b-moist-wtr-gel-h-a50gm
Foodland Balaklava,2025-05-04 23:58:47,Neutrogena Hydro Boost Hydrating Hyaluronic Acid Hydrogel Face Mask,30g,was $7.35,$6.70,$22.33 per 100g,https://foodlandbalaklava.com.au//lines/neut-h-b-mask-face-30gm
Foodland Balaklava,2025-05-04 23:58:47,Neutrogena Night Calming Makeup Remover Cleansing Towelettes Wipes 25 Pack,N/A,was $9.45,$8.50,$0.34 Each,https://foodlandbalaklava.com.au//lines/neut-wipes-ngt-clm-mu-rem-25s-1
Foodland Balaklava,2025-05-04 23:58:47,Neutrogena Oil Free Acne Face Scrub,125mL,N/A,$18.00,$14.40 per 100mL,https://foodlandbalaklava.com.au//lines/neutrogena-oil-free-acne-scrub-125ml-125ml
Foodland Balaklava,2025-05-04 23:58:47,Neutrogena Oil Free Acne Wash Pink Grapefruit Face Cleanser,175mL,N/A,$18.00,$10.29 per 100mL,https://foodlandbalaklava.com.au//lines/neut-clnr-oil-fr-grpfrt-175ml
Foodland Balaklava,2025-05-04 23:58:47,Neutrogena Oil-Free Eye Make-Up Remover,112mL,N/A,$15.00,$13.39 per 100mL,https://foodlandbalaklava.com.au//lines/neutrogena-oil-free-eye-make-up-remover-112-ml-112ml
Foodland Balaklava,2025-05-04 23:58:47,Neutrogena Ultra Gentle Creamy Face Cleanser,200mL,N/A,$17.00,$8.50 per 100mL,https://foodlandbalaklava.com.au//lines/neut-clnsr-ult-gntl-crmy-200ml
Foodland Balaklava,2025-05-04 23:58:47,Neutrogena Ultra Gentle Foaming Face Cleanser,200mL,N/A,$17.00,$8.50 per 100mL,https://foodlandbalaklava.com.au//lines/neut-clnsr-ult-gntl-foam-200ml
Foodland Balaklava,2025-05-04 23:58:47,Neutrogena Ultra Sheer Body Mist Sunscreen Spf50,140g,N/A,$20.00,$14.29 per 100g,https://foodlandbalaklava.com.au//lines/neut-s-s-u-shr-mst-spf50-140gm
Foodland Balaklava,2025-05-04 23:58:47,New Beginnings Breast Milk Storage Bags 25pk,N/A,N/A,$17.00,$0.68 Each,https://foodlandbalaklava.com.au//lines/nb-breast-milk-storage-bags-25pc
Foodland Balaklava,2025-05-04 23:58:47,New Beginnings Nursing Pads 40's,N/A,N/A,$7.50,$0.19 Each,https://foodlandbalaklava.com.au//lines/new-beginnings-nursing-pads40s
Foodland Balaklava,2025-05-04 23:58:47,New Chinese Garden Gluten Free Satay Chicken,540g,N/A,$13.50,$2.50 per 100g,https://foodlandbalaklava.com.au//lines/new-chinese-satay-chicken-540g
Foodland Balaklava,2025-05-04 23:58:47,New Chinese Garden Honey Chicken,320g,N/A,$13.50,$4.22 per 100g,https://foodlandbalaklava.com.au//lines/new-chinese-honey-chicken-320g
Foodland Balaklava,2025-05-04 23:58:47,New Chinese Garden Sweet And Sour Pork,490g,N/A,$13.50,$2.76 per 100g,https://foodlandbalaklava.com.au//lines/new-chinese-swt-sour-pork-490g
Foodland Balaklava,2025-05-04 23:58:47,New Chinese Lemon Chicken,420g,N/A,$13.50,$3.21 per 100g,https://foodlandbalaklava.com.au//lines/new-chinese-lemon-chicken-420g
Foodland Balaklava,2025-05-04 23:58:47,Newmans H/​Radish,250g,N/A,$7.50,$3.00 per 100g,https://foodlandbalaklava.com.au//lines/newmans-horseradish-250gm-1
Foodland Balaklava,2025-05-04 23:58:47,Nice & Natural Apricot Chocolate Nut Bar,180g,N/A,$5.80,$3.22 per 100g,https://foodlandbalaklava.com.au//lines/nice-nat-n-bar-choc-apr-6s180g
Foodland Balaklava,2025-05-04 23:58:47,Nice & Natural Dark Chocolate Protein Nut Bars,N/A,was $6.85,$5.00,$3.03 per 100g,https://foodlandbalaklava.com.au//lines/nice-nat-p-bar-drk-chc-5s165gm
Foodland Balaklava,2025-05-04 23:58:47,Nice & Natural Deluxe Protein Almond & Choc,200g,was $6.85,$5.00,$2.50 per 100g,https://foodlandbalaklava.com.au//lines/nice-nat-p-bar-dlx-alm-chc200g
Foodland Balaklava,2025-05-04 23:58:47,Nice & Natural Deluxe Protein Cookies & Cream,200g,was $6.85,$5.00,$2.50 per 100g,https://foodlandbalaklava.com.au//lines/nice-nat-p-bar-dlx-ck-crm200gm
Foodland Balaklava,2025-05-04 23:58:47,"Nice & Natural Deluxe Protein Salted Caramel, Cashew & Choc",200g,was $6.85,$5.00,$2.50 per 100g,https://foodlandbalaklava.com.au//lines/nice-nat-p-bar-dlx-car-csh200g
Foodland Balaklava,2025-05-04 23:58:47,Nice & Natural Fruit Blocks,120g,was $5.90,$4.50,$3.75 per 100g,https://foodlandbalaklava.com.au//lines/nice-nat-frt-snk-4d-blck-120g
Foodland Balaklava,2025-05-04 23:58:47,Nice & Natural Milk Chocolate Roasted Nut Bar,6 x 192g,N/A,$5.80,$3.02 per 100g,https://foodlandbalaklava.com.au//lines/nice-nat-n-bar-mlk-choc6s192gm
Foodland Balaklava,2025-05-04 23:58:47,Nice Rice Med Grain White,1kg,N/A,$5.25,$0.52 per 100g,https://foodlandbalaklava.com.au//lines/nice-rice-med-grain-white-1kg
Foodland Balaklava,2025-05-04 23:58:47,Nice Rice Sushi,1kg,N/A,$6.00,$0.60 per 100g,https://foodlandbalaklava.com.au//lines/nice-rice-sushi-1kg
Foodland Balaklava,2025-05-04 23:58:47,Nice&​Natural Roasted Nut Bars Yoghurt 6pk,192g,N/A,$5.80,$3.02 per 100g,https://foodlandbalaklava.com.au//lines/nice-nat-n-bar-yoghurt-6s192gm
Foodland Balaklava,2025-05-04 23:58:47,Nilodor Deodoriser #​7.​5ml,N/A,N/A,$8.40,N/A,https://foodlandbalaklava.com.au//lines/nilodor-deodoriser-7-5ml
Foodland Balaklava,2025-05-04 23:58:47,Nilodor Spray Mist Deodoriser,100mL,N/A,$8.40,N/A,https://foodlandbalaklava.com.au//lines/nilodor-mist-deod-pump-100ml
Foodland Balaklava,2025-05-04 23:58:47,Nippy's Apple Jce2lt,N/A,N/A,$7.25,$3.62 per L,https://foodlandbalaklava.com.au//lines/nippy-s-apple-jce2lt
Foodland Balaklava,2025-05-04 23:58:47,Nippy's Chocolate Milk,500mL,was $4.50,$3.90,$0.78 per 100mL,https://foodlandbalaklava.com.au//lines/nippy-s-iced-chocolate-500ml
Foodland Balaklava,2025-05-04 23:58:47,Nippy's Cloudy Apple Juice,1L,was $6.50,$5.45,$5.45 per L,https://foodlandbalaklava.com.au//lines/nippy-s-cloudy-apple-juice-1l
Foodland Balaklava,2025-05-04 23:58:48,Nippy's Iced Banana,375mL,was $3.60,$3.40,$9.07 per L,https://foodlandbalaklava.com.au//lines/nippy-s-iced-banana-375ml
Foodland Balaklava,2025-05-04 23:58:48,Nippy's Iced Chocolate,1L,was $5.00,$4.95,$0.50 per 100mL,https://foodlandbalaklava.com.au//lines/nippy-s-iced-chocolate-1l
Foodland Balaklava,2025-05-04 23:58:48,Nippy's Iced Chocolate Flavoured Milk,375mL,was $3.60,$3.40,$9.07 per L,https://foodlandbalaklava.com.au//lines/nippy-s-iced-choclte-375ml
Foodland Balaklava,2025-05-04 23:58:48,Nippy's Iced Honeycomb Flavoured Milk,375mL,was $3.60,$3.40,$9.07 per L,https://foodlandbalaklava.com.au//lines/nippy-s-iced-hnycomb-375ml
Foodland Balaklava,2025-05-04 23:58:48,Nippy's Iced Strawberry Flavoured Milk,375mL,was $3.60,$3.40,$9.07 per L,https://foodlandbalaklava.com.au//lines/nippy-s-iced-strwbry-375ml
Foodland Balaklava,2025-05-04 23:58:48,Nippy's Orange And Mango,2L,was $7.25,$7.20,$3.60 per L,https://foodlandbalaklava.com.au//lines/nippys-jce-orange-mango-2l
Foodland Balaklava,2025-05-04 23:58:48,Nippy's Orange And Mango,500mL,was $3.95,$3.40,$6.80 per L,https://foodlandbalaklava.com.au//lines/nippys-orange-mango-juce-500ml
Foodland Balaklava,2025-05-04 23:58:48,Nippy's Orange And Passionfruit Juice 2,N/A,was $7.25,$7.20,$3.60 per L,https://foodlandbalaklava.com.au//lines/nippys-orange-pfruit-jce-2l
Foodland Balaklava,2025-05-04 23:58:48,Nippy's Orange Sweetened,500mL,was $3.95,$3.40,$6.80 per L,https://foodlandbalaklava.com.au//lines/nippys-orange-juice-500ml
Foodland Balaklava,2025-05-04 23:58:48,Nippy's Orange Unsweetened,500mL,was $3.95,$3.40,$6.80 per L,https://foodlandbalaklava.com.au//lines/nippys-unsweet-ornge-juce-500ml
Foodland Balaklava,2025-05-04 23:58:48,Nippy's Tangy Lemon Fruit Juice Drink 2,N/A,N/A,$7.25,$3.62 per L,https://foodlandbalaklava.com.au//lines/nippy-s-lemon-jce-2lt
Foodland Balaklava,2025-05-04 23:58:48,Nippys Apple B/​Currant Jce,500mL,was $3.95,$3.40,$6.80 per L,https://foodlandbalaklava.com.au//lines/nippys-apple-b-currant-jce-500ml
Foodland Balaklava,2025-05-04 23:58:48,Nippys Apple Juice Nas,500mL,was $3.95,$3.40,$6.80 per L,https://foodlandbalaklava.com.au//lines/nippys-apple-juice-nas-500ml
Foodland Balaklava,2025-05-04 23:58:48,Nippys Iced Honeycomb,500mL,was $4.50,$3.90,$0.78 per 100mL,https://foodlandbalaklava.com.au//lines/nippy-s-iced-honeycomb-pet-500ml
Foodland Balaklava,2025-05-04 23:58:48,Nippys Orange Juice,1L,was $6.50,$5.45,$5.45 per L,https://foodlandbalaklava.com.au//lines/nippy-s-nas-orange-juice-1l
Foodland Balaklava,2025-05-04 23:58:48,Nippys Pineapple,500mL,was $3.95,$3.40,$6.80 per L,https://foodlandbalaklava.com.au//lines/nippys-pineapple-500ml
Foodland Balaklava,2025-05-04 23:58:48,Nippys Tangy Lemon Juce,500mL,was $3.95,$3.40,$6.80 per L,https://foodlandbalaklava.com.au//lines/nippys-tangy-lemon-juce-500ml
Foodland Balaklava,2025-05-04 23:58:48,Nisshin Panko Breadcrumbs,200g,N/A,$5.80,$2.90 per 100g,https://foodlandbalaklava.com.au//lines/nisshin-panko-breadcrmbs-200gm
Foodland Balaklava,2025-05-04 23:58:48,Nissin Kyushu Black Noodles,5 x 106g,N/A,$8.95,$1.69 per 100g,https://foodlandbalaklava.com.au//lines/nissin-ndl-rmn-kyu-blk-530gm
Foodland Balaklava,2025-05-04 23:58:48,Nivea Aloe & Soothing Body Lotion,400mL,was $10.00,$9.45,$2.36 per 100mL,https://foodlandbalaklava.com.au//lines/nivea-body-ltn-aloe-vera-400ml
Foodland Balaklava,2025-05-04 23:58:48,Nivea Black & White Invisible Clear Anti-Perspirant Aerosol,250mL,was $10.00,$9.05,$3.62 per 100mL,https://foodlandbalaklava.com.au//lines/nivea-deod-aero-blk-wht-250ml
Foodland Balaklava,2025-05-04 23:58:48,Nivea Black & White Invisible Clear Anti-Perspirant Roll-On,50mL,was $5.25,$4.65,$9.30 per 100mL,https://foodlandbalaklava.com.au//lines/nivea-r-on-deod-inv-bw-clr50ml
Foodland Balaklava,2025-05-04 23:58:48,Nivea Black & White Invisible Fresh Anti-Perspirant Aerosol Deodorant,250mL,was $10.00,$9.05,$3.62 per 100mL,https://foodlandbalaklava.com.au//lines/nivea-deod-aero-b-w-wmn-250ml
Foodland Balaklava,2025-05-04 23:58:48,Nivea Cocoa & Indulging Body Lotion,400mL,was $10.00,$9.45,$2.36 per 100mL,https://foodlandbalaklava.com.au//lines/nivea-body-ltn-cocoa-btr-400ml
Foodland Balaklava,2025-05-04 23:58:48,Nivea Crè​me,150mL,was $10.50,$9.70,$6.47 per 100mL,https://foodlandbalaklava.com.au//lines/nivea-most-crm-tin-150ml
Foodland Balaklava,2025-05-04 23:58:48,Nivea Double Effect Anti-Perspirant Aerosol,250mL,was $10.00,$9.05,$3.62 per 100mL,https://foodlandbalaklava.com.au//lines/nivea-deod-aero-d-e-white250ml
Foodland Balaklava,2025-05-04 23:58:48,Nivea Express Hydration Body Lotion,250mL,was $6.85,$5.90,$2.36 per 100mL,https://foodlandbalaklava.com.au//lines/nivea-body-exp-hydration-250ml
Foodland Balaklava,2025-05-04 23:58:48,Nivea Express Hydration Body Lotion,400mL,was $10.00,$8.75,$2.19 per 100mL,https://foodlandbalaklava.com.au//lines/nivea-body-ex-hydra-pump-400ml
Foodland Balaklava,2025-05-04 23:58:48,Nivea Extra Gentle Eye Make-Up Remover,125mL,was $11.05,$9.80,$7.84 per 100mL,https://foodlandbalaklava.com.au//lines/nivea-vis-eye-m-up-remvr-125ml-1
Foodland Balaklava,2025-05-04 23:58:48,Nivea Gentle Cleansing Cream,150mL,was $13.65,$12.50,$8.33 per 100mL,https://foodlandbalaklava.com.au//lines/nivea-d-ess-clns-crm-gntl150ml
Foodland Balaklava,2025-05-04 23:58:48,Nivea Gentle Exfoliating Scrub,150mL,was $13.65,$12.50,$8.33 per 100mL,https://foodlandbalaklava.com.au//lines/nivea-d-ess-scrb-gntl-exf150ml
Foodland Balaklava,2025-05-04 23:58:48,Nivea Hydrating Day Cream Spf30,50mL,N/A,$15.00,$30.00 per 100mL,https://foodlandbalaklava.com.au//lines/nivea-vis-moist-spf30nrml-50ml
Foodland Balaklava,2025-05-04 23:58:48,Nivea Hydro Care Lip Balm Spf15,4.8g,was $5.25,$5.20,$130.00 per 100g,https://foodlandbalaklava.com.au//lines/nivea-lip-care-hydro-4-8gm
Foodland Balaklava,2025-05-04 23:58:48,Nivea Invisible Black & White Pure Aerosol,250mL,was $6.30,$5.50,$3.67 per 100mL,https://foodlandbalaklava.com.au//lines/nivea-deod-aero-inv-pre150ml
Foodland Balaklava,2025-05-04 23:58:48,Nivea Irresistibly Smooth Body Lotion,400mL,was $10.00,$8.75,$2.19 per 100mL,https://foodlandbalaklava.com.au//lines/nivea-body-ltn-ir-smth-400ml
Foodland Balaklava,2025-05-04 23:58:48,Nivea Kids Caring Roll On Sun Lotion Spf50,65mL,N/A,$15.00,$23.08 per 100mL,https://foodlandbalaklava.com.au//lines/nivea-s-s-r-on-kid-spf50-65ml
Foodland Balaklava,2025-05-04 23:58:48,Nivea Lip Care Pearly Shine,4.8g,was $5.25,$5.20,$130.00 per 100g,https://foodlandbalaklava.com.au//lines/nivea-lip-care-pearl-shn-4-8gm
Foodland Balaklava,2025-05-04 23:58:48,Nivea Men Black & White Fresh Anti-Perspirant Aerosol,250mL,was $10.00,$9.05,$3.62 per 100mL,https://foodlandbalaklava.com.au//lines/nivea-deod-aero-men-b-w-250ml
Foodland Balaklava,2025-05-04 23:58:48,Nivea Men Black & White Invisible Fresh Anti-Perspirant Roll-On,50mL,was $5.25,$4.65,$9.30 per 100mL,https://foodlandbalaklava.com.au//lines/nivea-r-on-deod-men-b-w-f-50ml
Foodland Balaklava,2025-05-04 23:58:48,Nivea Men Black & White Invisible Original Anti-Perspirant Aerosol,250mL,was $10.00,$9.05,$3.62 per 100mL,https://foodlandbalaklava.com.au//lines/nivea-deod-aero-inv-pwr-250ml
Foodland Balaklava,2025-05-04 23:58:48,Nivea Men Cool Kick Anti-Perspirant Aerosol,250mL,was $10.00,$9.05,$3.62 per 100mL,https://foodlandbalaklava.com.au//lines/nivea-deod-aero-kick-men-250ml
Foodland Balaklava,2025-05-04 23:58:48,Nivea Men Cool Kick Roll-On,50mL,was $5.25,$4.65,$9.30 per 100mL,https://foodlandbalaklava.com.au//lines/nivea-r-on-deod-men-aqua-50ml
Foodland Balaklava,2025-05-04 23:58:48,Nivea Men Deep Darkwood Anti-Perspirant Aerosol,250mL,was $10.00,$9.05,$3.62 per 100mL,https://foodlandbalaklava.com.au//lines/nivea-deod-aero-deep-men-250ml
Foodland Balaklava,2025-05-04 23:58:48,Nivea Men Deep Espresso Aerosol,250mL,was $10.00,$9.05,$3.62 per 100mL,https://foodlandbalaklava.com.au//lines/nivea-deod-aero-espr-men-250ml
Foodland Balaklava,2025-05-04 23:58:48,Nivea Men Invisible For Black And White Original Anti-Perspirant Roll-On,50mL,was $5.25,$4.65,$9.30 per 100mL,https://foodlandbalaklava.com.au//lines/nivea-r-on-deod-inv-bw-pwr50ml
Foodland Balaklava,2025-05-04 23:58:48,Nivea Men Sensitive Face Moisturiser Spf15,75mL,was $14.70,$13.80,$18.40 per 100mL,https://foodlandbalaklava.com.au//lines/nivea-men-d-moist-sens-75ml
Foodland Balaklava,2025-05-04 23:58:48,Nivea Men Sensitive Protect Anti-Perspirant Aerosol,250mL,was $10.00,$9.05,$3.62 per 100mL,https://foodlandbalaklava.com.au//lines/nivea-deod-aero-sens-men-250ml
Foodland Balaklava,2025-05-04 23:58:48,Nivea Men Silver Protect Anti-Perspirant Roll-On,50mL,was $5.25,$4.65,$9.30 per 100mL,https://foodlandbalaklava.com.au//lines/nivea-r-on-deod-slvr-prot-50ml
Foodland Balaklava,2025-05-04 23:58:49,Nivea Nivea Men Sensitive Post Shave Balm,100mL,was $13.65,$12.05,$12.05 per 100mL,https://foodlandbalaklava.com.au//lines/nivea-a-shv-balm-senstv-100ml
Foodland Balaklava,2025-05-04 23:58:49,Nivea Nivea Men Sensitive Shaving Foam,200mL,was $7.35,$6.50,$3.25 per 100mL,https://foodlandbalaklava.com.au//lines/nivea-men-shv-foam-sens-200ml
Foodland Balaklava,2025-05-04 23:58:49,Nivea Nivea Men Sensitive Shaving Gel,200mL,was $7.90,$7.00,$3.50 per 100mL,https://foodlandbalaklava.com.au//lines/nivea-men-shv-gel-snstve-200ml
Foodland Balaklava,2025-05-04 23:58:49,Nivea Nourishing Day Cream,50mL,N/A,$15.00,$30.00 per 100mL,https://foodlandbalaklava.com.au//lines/nivea-vis-moist-spf30-dry-50ml
Foodland Balaklava,2025-05-04 23:58:49,Nivea Original Care Lip Balm,4.8g,was $5.25,$5.20,$130.00 per 100g,https://foodlandbalaklava.com.au//lines/nivea-lip-care-essential-4-8gm
Foodland Balaklava,2025-05-04 23:58:49,Nivea Pearl & Beauty Anti-Perspirant Aerosol,150mL,was $6.30,$5.50,$3.67 per 100mL,https://foodlandbalaklava.com.au//lines/nivea-deod-womn-prl-beaut150ml
Foodland Balaklava,2025-05-04 23:58:49,Nivea Pearl & Beauty Anti-Perspirant Aerosol,250mL,was $10.00,$9.05,$3.62 per 100mL,https://foodlandbalaklava.com.au//lines/nivea-deod-aero-prl-beaut250ml
Foodland Balaklava,2025-05-04 23:58:49,Nivea Protect & Care Moisturising Shaving Gel,200mL,was $7.90,$7.00,$3.50 per 100mL,https://foodlandbalaklava.com.au//lines/nivea-men-shve-gel-moist-200ml
Foodland Balaklava,2025-05-04 23:58:49,Nivea Protect & Moisture Moisture Lock Spf50+ Sunscreen,200mL,N/A,$21.50,$10.75 per 100mL,https://foodlandbalaklava.com.au//lines/nivea-s-s-moist-spf50-200ml
Foodland Balaklava,2025-05-04 23:58:49,Nivea Pure Invisible Roll-On,50mL,was $5.25,$4.65,$9.30 per 100mL,https://foodlandbalaklava.com.au//lines/nivea-r-on-deod-wmen-pure-50ml
Foodland Balaklava,2025-05-04 23:58:49,Nivea Q10 Anti-Wrinkle Extra Firming Day Cream Spf30,50mL,N/A,$28.00,$56.00 per 100mL,https://foodlandbalaklava.com.au//lines/nivea-q10-crm-day-spf30-50ml
Foodland Balaklava,2025-05-04 23:58:49,Nivea Q10 Anti-Wrinkle Extra Nourish Deep Restoring Day Cream Spf15,50mL,N/A,$30.00,$60.00 per 100mL,https://foodlandbalaklava.com.au//lines/nivea-q10-day-crm-spf15-50ml
Foodland Balaklava,2025-05-04 23:58:49,Nivea Q10 Anti-Wrinkle Replenishing Night Cream,50mL,N/A,$28.00,$56.00 per 100mL,https://foodlandbalaklava.com.au//lines/nivea-q10-crm-nght-a-wrnk-50ml
Foodland Balaklava,2025-05-04 23:58:49,Nivea Q10 Firming Body Lotion,250mL,was $7.90,$6.85,$2.74 per 100mL,https://foodlandbalaklava.com.au//lines/nivea-body-firm-ltn-q10-250ml
Foodland Balaklava,2025-05-04 23:58:49,Nivea Q10 Firming Body Lotion,400mL,was $11.55,$10.00,$2.50 per 100mL,https://foodlandbalaklava.com.au//lines/nivea-body-firm-ltn-q10-400ml
Foodland Balaklava,2025-05-04 23:58:49,Nivea Refreshing Biodegradable Facial Cleansing Wipes 25pk,N/A,was $8.95,$8.00,$0.32 Each,https://foodlandbalaklava.com.au//lines/nivea-vis-cleans-wipes-25s
Foodland Balaklava,2025-05-04 23:58:49,Nivea Refreshing Cleansing Lotion,200mL,was $13.65,$12.50,$6.25 per 100mL,https://foodlandbalaklava.com.au//lines/nivea-d-ess-clns-ltn-ref-200ml
Foodland Balaklava,2025-05-04 23:58:49,Nivea Refreshing Toner,200mL,was $13.65,$12.50,$6.25 per 100mL,https://foodlandbalaklava.com.au//lines/nivea-d-ess-toner-refrsh-200ml
Foodland Balaklava,2025-05-04 23:58:49,Nivea Repair & Protection Caring Lip Balm Spf15,4.8g,was $5.25,$5.20,$130.00 per 100g,https://foodlandbalaklava.com.au//lines/nivea-lip-care-repair-4-8gm
Foodland Balaklava,2025-05-04 23:58:49,Nivea Rich Nourishing Body Lotion,250mL,was $6.85,$5.90,$2.36 per 100mL,https://foodlandbalaklava.com.au//lines/nivea-body-nrish-rch-mst-250ml
Foodland Balaklava,2025-05-04 23:58:49,Nivea Rich Nourishing Body Lotion,400mL,was $10.00,$8.75,$2.19 per 100mL,https://foodlandbalaklava.com.au//lines/nivea-body-nrish-rch-mst-400ml
Foodland Balaklava,2025-05-04 23:58:49,Nivea Sensitive Protect Anti-Perspirant Roll-On,50mL,was $5.25,$4.65,$9.30 per 100mL,https://foodlandbalaklava.com.au//lines/nivea-r-on-deod-snstv-prot50ml
Foodland Balaklava,2025-05-04 23:58:49,Nivea Soft Moisturising Cream,200mL,was $12.60,$11.40,$5.70 per 100mL,https://foodlandbalaklava.com.au//lines/nivea-sft-crme-most-200ml
Foodland Balaklava,2025-05-04 23:58:49,Nivea Soft Moisturising Cream,75mL,was $6.85,$6.20,$8.27 per 100mL,https://foodlandbalaklava.com.au//lines/nivea-soft-creme-tube-75ml
Foodland Balaklava,2025-05-04 23:58:49,Nivea Stop Pimples Daily Wash Scrub,150mL,was $13.65,$12.50,$8.33 per 100mL,https://foodlandbalaklava.com.au//lines/nivea-d-ess-scrb-ant-blem150ml
Foodland Balaklava,2025-05-04 23:58:49,Nivea Strawberry Shine,4.8g,was $5.25,$5.20,$130.00 per 100g,https://foodlandbalaklava.com.au//lines/nivea-lip-care-strwberry-4-8gm
Foodland Balaklava,2025-05-04 23:58:49,Nivea Ultra Beach Spf50+ Sunscreen Spray,200mL,N/A,$23.50,$11.75 per 100mL,https://foodlandbalaklava.com.au//lines/nivea-sun-u-b-spry-50-200ml
Foodland Balaklava,2025-05-04 23:58:49,Nivea Ultra Sport Cooling Sunscreen Trigger Spray Spf50+,300mL,N/A,$28.00,$9.33 per 100mL,https://foodlandbalaklava.com.au//lines/nivea-s-s-ult-sprt-sp50-300ml
Foodland Balaklava,2025-05-04 23:58:49,No Pong Nat Deod Crm Flwr,35g,N/A,$10.00,$2.86 per 10g,https://foodlandbalaklava.com.au//lines/no-pong-nat-deod-crm-flwr-35g
Foodland Balaklava,2025-05-04 23:58:49,No Vac Instant Spot & Stain Remover,290g,N/A,$8.40,$2.90 per 100g,https://foodlandbalaklava.com.au//lines/n-vac-instnt-spot-rmvr-290g
Foodland Balaklava,2025-05-04 23:58:49,No Vac Linen Breeze,290g,N/A,$6.30,$2.17 per 100g,https://foodlandbalaklava.com.au//lines/n-vac-linen-breeze-deo-290gm
Foodland Balaklava,2025-05-04 23:58:49,No Vac Vanilla & Orchid,290g,N/A,$6.30,$2.17 per 100g,https://foodlandbalaklava.com.au//lines/n-vac-carpet-deo-van-fom-290gm
Foodland Balaklava,2025-05-04 23:58:49,No-Doz Awakeners 24 Tablets,N/A,was $7.20,$6.00,$0.25 Each,https://foodlandbalaklava.com.au//lines/no-doz-3501-24s
Foodland Balaklava,2025-05-04 23:58:49,Nobby's Bacon Bites,40g,N/A,$2.50,$6.25 per 100g,https://foodlandbalaklava.com.au//lines/nobbys-bacon-bites-40gm
Foodland Balaklava,2025-05-04 23:58:49,Nobby's Beer Nuts Salted,375g,was $4.00,$3.35,$8.93 per kg,https://foodlandbalaklava.com.au//lines/nobbys-beer-nuts-sltd-375gm
Foodland Balaklava,2025-05-04 23:58:49,Nobby's Hot & Spicy Beef Jerky,25g,was $4.35,$3.60,$144.00 per kg,https://foodlandbalaklava.com.au//lines/nobbys-beef-jerky-h-spic-25gm
Foodland Balaklava,2025-05-04 23:58:49,Nobby's Mixed Nuts Snack Mix Entertaining Size Salted,375g,was $7.55,$6.40,$17.07 per kg,https://foodlandbalaklava.com.au//lines/nobbys-mxd-nuts-salted-375gm
Foodland Balaklava,2025-05-04 23:58:49,Nobby's Pork Crackle Flamin' Hot,50g,N/A,$2.65,$53.00 per kg,https://foodlandbalaklava.com.au//lines/nobbys-pork-crk-flamn-hot-50g
Foodland Balaklava,2025-05-04 23:58:49,Nobby's Pork Crackle With Spicy BBQ,25g,was $2.30,$2.00,$80.00 per kg,https://foodlandbalaklava.com.au//lines/nobbys-porky-bits-bbq-25gm
Foodland Balaklava,2025-05-04 23:58:49,Nobby’​S Beef Jerky Original,25g,was $4.35,$3.60,$144.00 per kg,https://foodlandbalaklava.com.au//lines/nobbys-beef-jerky-orignl-25gm
Foodland Balaklava,2025-05-04 23:58:49,Nocelle Almond Smoked,400g,N/A,$10.99,$2.75 per 100g,https://foodlandbalaklava.com.au//lines/nocelle-almond-smoked-400gm
Foodland Balaklava,2025-05-04 23:58:49,Nocelle Almonds Dry Roastd,400g,N/A,$10.99,$2.75 per 100g,https://foodlandbalaklava.com.au//lines/nocelle-almonds-dry-roastd-400gm
Foodland Balaklava,2025-05-04 23:58:49,Nocelle Apricot Delight,230g,N/A,$6.99,$3.04 per 100g,https://foodlandbalaklava.com.au//lines/nocelle-apricot-delight-230gm
Foodland Balaklava,2025-05-04 23:58:49,Nocelle Brazil Nuts,400g,N/A,$12.99,$3.25 per 100g,https://foodlandbalaklava.com.au//lines/nocelle-brazil-nuts-400gm
Foodland Balaklava,2025-05-04 23:58:49,Nocelle Caramel Fudge,275g,N/A,$6.30,$2.10 per 100g,https://foodlandbalaklava.com.au//lines/nocelle-caramel-fudge-275g
Foodland Balaklava,2025-05-04 23:58:49,Nocelle Cashews Honey,450g,N/A,$11.99,$2.66 per 100g,https://foodlandbalaklava.com.au//lines/nocelle-cashews-honey-450gm
Foodland Balaklava,2025-05-04 23:58:49,Nocelle Cashews Raw,400g,N/A,$13.99,$3.50 per 100g,https://foodlandbalaklava.com.au//lines/nocelle-cashews-raw-400gm
Foodland Balaklava,2025-05-04 23:58:49,Nocelle Cashews Salted Prem Halves,400g,N/A,$9.99,$2.50 per 100g,https://foodlandbalaklava.com.au//lines/nocelle-cashews-salted-prem-halves-400gm
Foodland Balaklava,2025-05-04 23:58:50,Nocelle Choc Aniseed Rings,300g,N/A,$6.29,$2.10 per 100g,https://foodlandbalaklava.com.au//lines/nocelle-choc-aniseed-rings-300gm
Foodland Balaklava,2025-05-04 23:58:50,Nocelle Choc Peanuts,175g,N/A,$6.29,$3.59 per 100g,https://foodlandbalaklava.com.au//lines/nocelle-choc-peanuts-175gm
Foodland Balaklava,2025-05-04 23:58:50,Nocelle Choc Pretzels,230g,N/A,$7.20,$3.13 per 100g,https://foodlandbalaklava.com.au//lines/nocelle-choc-pretzels-230g
Foodland Balaklava,2025-05-04 23:58:50,Nocelle Crackernut Mix,450g,N/A,$7.49,$1.66 per 100g,https://foodlandbalaklava.com.au//lines/nocelle-crackernut-mix-450gm
Foodland Balaklava,2025-05-04 23:58:50,Nocelle Devils Delight Mix,500g,N/A,$9.99,$2.00 per 100g,https://foodlandbalaklava.com.au//lines/nocelle-devils-delight-mix-500g
Foodland Balaklava,2025-05-04 23:58:50,Nocelle Jubes,300g,N/A,$6.20,$2.07 per 100g,https://foodlandbalaklava.com.au//lines/nocelle-jubes-300gm
Foodland Balaklava,2025-05-04 23:58:50,Nocelle Licorice Allsorts,500g,N/A,$5.99,$1.20 per 100g,https://foodlandbalaklava.com.au//lines/nocelle-licorice-allsorts-500gm
Foodland Balaklava,2025-05-04 23:58:50,Nocelle Macadamias Roasted & Salted,300g,N/A,$19.99,$6.66 per 100g,https://foodlandbalaklava.com.au//lines/nocelle-macadamias-rst-slt-300g
Foodland Balaklava,2025-05-04 23:58:50,Nocelle Mango Prem Dried,200g,N/A,$10.99,$5.50 per 100g,https://foodlandbalaklava.com.au//lines/nocelle-mango-prem-dried-200g
Foodland Balaklava,2025-05-04 23:58:50,Nocelle Milk Bottles,230g,N/A,$6.20,$2.70 per 100g,https://foodlandbalaklava.com.au//lines/nocelle-milk-bottles-230g
Foodland Balaklava,2025-05-04 23:58:50,Nocelle Milk Choc Rasp,200g,N/A,$6.99,$3.50 per 100g,https://foodlandbalaklava.com.au//lines/nocelle-milk-choc-rasp-200gm
Foodland Balaklava,2025-05-04 23:58:50,Nocelle Milk Choc Rasp Bullets,300g,N/A,$6.20,$2.07 per 100g,https://foodlandbalaklava.com.au//lines/nocelle-milk-choc-rasp-bullets-300gm
Foodland Balaklava,2025-05-04 23:58:50,Nocelle Mixed Swirls,300g,N/A,$6.20,$2.07 per 100g,https://foodlandbalaklava.com.au//lines/nocelle-mixed-swirls-300g
Foodland Balaklava,2025-05-04 23:58:50,Nocelle Party Mix,650g,N/A,$8.00,$1.23 per 100g,https://foodlandbalaklava.com.au//lines/nocelle-party-mix-650g
Foodland Balaklava,2025-05-04 23:58:50,Nocelle Peanuts Sugared,500g,N/A,$9.99,$2.00 per 100g,https://foodlandbalaklava.com.au//lines/nocelle-peanuts-sugared-500g
Foodland Balaklava,2025-05-04 23:58:50,Nocelle Pistachios,375g,N/A,$13.00,$3.47 per 100g,https://foodlandbalaklava.com.au//lines/nocelle-pistachios-375gm
Foodland Balaklava,2025-05-04 23:58:50,Nocelle Pistachios Aust,375g,N/A,$14.99,$4.00 per 100g,https://foodlandbalaklava.com.au//lines/nocelle-aust-pisatchios-375gm
Foodland Balaklava,2025-05-04 23:58:50,Nocelle Pretzels Salted,350g,was $5.99,$3.90,$1.11 per 100g,https://foodlandbalaklava.com.au//lines/nocelle-pretzels-salted-350gm
Foodland Balaklava,2025-05-04 23:58:50,Nocelle Prunes Pitted,500g,N/A,$11.99,$2.40 per 100g,https://foodlandbalaklava.com.au//lines/nocelle-prunes-pitted-500gm
Foodland Balaklava,2025-05-04 23:58:50,Nocelle Sour Mix,600g,N/A,$8.00,$1.33 per 100g,https://foodlandbalaklava.com.au//lines/nocelle-sour-mix-600g
Foodland Balaklava,2025-05-04 23:58:50,Nocelle Sour Pastilles,500g,N/A,$5.70,$1.14 per 100g,https://foodlandbalaklava.com.au//lines/nocelle-sour-pastilles-500gm
Foodland Balaklava,2025-05-04 23:58:50,Nocelle Sour Worms,300g,N/A,$6.20,$2.07 per 100g,https://foodlandbalaklava.com.au//lines/nocelle-sour-worms-300gm
Foodland Balaklava,2025-05-04 23:58:50,Nocelle Spearmint Leaves,400g,N/A,$6.20,$1.55 per 100g,https://foodlandbalaklava.com.au//lines/nocelle-spearmint-leaves-400g
Foodland Balaklava,2025-05-04 23:58:50,Nocelle Yoghurt Apricot Balls,130g,N/A,$6.99,$5.38 per 100g,https://foodlandbalaklava.com.au//lines/nocelle-yog-apr-balls-130g
Foodland Balaklava,2025-05-04 23:58:50,Nocelle Yoghurt Delight,500g,was $8.99,$8.55,$1.71 per 100g,https://foodlandbalaklava.com.au//lines/nocelle-yoghurt-delight-500gm
Foodland Balaklava,2025-05-04 23:58:50,Nocelle Yoghurt Sultanas,185g,N/A,$4.99,$2.70 per 100g,https://foodlandbalaklava.com.au//lines/nocelle-yoghurt-sultanas-185g
Foodland Balaklava,2025-05-04 23:58:50,Nonnas Bagte Cmpna Hlf Pb120gm,N/A,N/A,$1.90,$1.58 per 100g,https://foodlandbalaklava.com.au//lines/nonnas-bagte-cmpna-hlf-pb120gm
Foodland Balaklava,2025-05-04 23:58:50,Nonnas Bagte Frn Hlf Pb,110g,N/A,$1.90,$1.73 per 100g,https://foodlandbalaklava.com.au//lines/nonnas-bagte-frn-hlf-pb-110g
Foodland Balaklava,2025-05-04 23:58:50,Nonnas Bagte Hlf Gf 2pk,200g,N/A,$7.35,$3.68 per 100g,https://foodlandbalaklava.com.au//lines/nonnas-bagte-hlf-gf-2pk-200g
Foodland Balaklava,2025-05-04 23:58:50,Nonnas Lf S/​Dgh Wht Pb,650g,N/A,$6.30,$0.97 per 100g,https://foodlandbalaklava.com.au//lines/nonnas-lf-s-dgh-wht-pb-650g
Foodland Balaklava,2025-05-04 23:58:50,Nonnas Roll Din Gf,150g,was $7.35,$5.35,$3.57 per 100g,https://foodlandbalaklava.com.au//lines/nonnas-roll-din-gf-150g
Foodland Balaklava,2025-05-04 23:58:50,Norco Natural Cheese Co. Elbo Style Block,500g,N/A,$15.00,$3.00 per 100g,https://foodlandbalaklava.com.au//lines/norco-cheese-block-500g
Foodland Balaklava,2025-05-04 23:58:50,Noris Club Scissor Safety,N/A,N/A,$2.30,N/A,https://foodlandbalaklava.com.au//lines/noris-club-scissor-safety
Foodland Balaklava,2025-05-04 23:58:50,Norsca Forest Fresh Pump,150mL,N/A,$7.15,$4.77 per 100mL,https://foodlandbalaklava.com.au//lines/norsca-deod-frst-frsh-pmp150ml
Foodland Balaklava,2025-05-04 23:58:50,Norsca Forest Fresh Roll On,50mL,N/A,$4.50,$9.00 per 100mL,https://foodlandbalaklava.com.au//lines/norsca-r-on-deod-forst-fr-50ml
Foodland Balaklava,2025-05-04 23:58:50,Norsca Pastels Body Mist Vanilla Bean Whip,200mL,N/A,$10.50,$5.25 per 100mL,https://foodlandbalaklava.com.au//lines/norsca-b-mist-van-bn-whip200ml
Foodland Balaklava,2025-05-04 23:58:50,Norsca Pastels Body Mist Watermelon Sorbet,200mL,N/A,$10.50,$5.25 per 100mL,https://foodlandbalaklava.com.au//lines/norsca-b-mist-wtrmln-srbt200ml
Foodland Balaklava,2025-05-04 23:58:50,Noshu 99% Sugar Free Baking Mix Fudgy Brownies,300g,was $8.70,$5.85,$1.95 per 100g,https://foodlandbalaklava.com.au//lines/noshu-brownie-fudgy-mix-s-f-300g
Foodland Balaklava,2025-05-04 23:58:50,Noshu Low Carb Bars Cherry & Coconut Indulgence,160g,N/A,$8.90,$5.56 per 100g,https://foodlandbalaklava.com.au//lines/noshu-bar-l-c-chery-c-nut160gm
Foodland Balaklava,2025-05-04 23:58:50,Noshu Low Carb Bars Choc Mint,150g,N/A,$8.90,$5.56 per 100g,https://foodlandbalaklava.com.au//lines/noshu-bar-l-c-choc-mint-150gm
Foodland Balaklava,2025-05-04 23:58:50,Noshu Low Carb Bars Coconut Bliss Indulgence,160g,N/A,$8.90,$5.56 per 100g,https://foodlandbalaklava.com.au//lines/noshu-bar-l-c-c-nut-bliss160gm
Foodland Balaklava,2025-05-04 23:58:50,Noshu Low Carb Bars Double Chocolate Brownie,150g,N/A,$8.90,$5.56 per 100g,https://foodlandbalaklava.com.au//lines/noshu-bar-l-c-dbl-chc-brn160gm
Foodland Balaklava,2025-05-04 23:58:50,Noshu Low Carb Protein Bars Chocolate & Caramel,175g,N/A,$8.90,$5.93 per 100g,https://foodlandbalaklava.com.au//lines/noshu-pr-bar-mango-crm-150g
Foodland Balaklava,2025-05-04 23:58:50,Noshu Low Carb Protein Bars Cookies & Cream,175g,N/A,$8.90,$5.93 per 100g,https://foodlandbalaklava.com.au//lines/noshu-pr-bar-rasp-crm-150g
Foodland Balaklava,2025-05-04 23:58:50,Nq Dishwashing Liquid Citrus,500mL,N/A,$5.40,$10.80 per L,https://foodlandbalaklava.com.au//lines/nq-dishwashing-liquid-citrus-500ml
Foodland Balaklava,2025-05-04 23:58:50,Nq Dishwashing Mach Tablt 30pk,N/A,N/A,$19.95,$0.66 Each,https://foodlandbalaklava.com.au//lines/nq-dishwashing-mach-tablt-30pk
Foodland Balaklava,2025-05-04 23:58:50,Nq Lip Balm,5g,N/A,$5.00,$1.00 per 100mL,https://foodlandbalaklava.com.au//lines/nq-lip-balm-5g
Foodland Balaklava,2025-05-04 23:58:50,Nq Nat Def Deodorant R/​O,60mL,was $6.50,$6.20,$10.33 per 100mL,https://foodlandbalaklava.com.au//lines/nq-nat-def-deodorant-r-o-50ml
Foodland Balaklava,2025-05-04 23:58:51,Nudie Nothing But Orange Juice With Pulp,400mL,was $4.30,$3.60,$0.90 per 100mL,https://foodlandbalaklava.com.au//lines/nudie-orange-with-pulp-400ml
Foodland Balaklava,2025-05-04 23:58:51,Nudie Nothing But Orange Pulp Free Juice,1L,N/A,$7.00,$7.00 per L,https://foodlandbalaklava.com.au//lines/nudie-orange-jce-p-free-1lt
Foodland Balaklava,2025-05-04 23:58:51,Nurimate Lamb And Rice Roll,3kg,N/A,$10.80,$3.60 per kg,https://foodlandbalaklava.com.au//lines/nutrimate-lamb-rce-veg-roll3kg
Foodland Balaklava,2025-05-04 23:58:51,Nurofen Cold And Flu Multi-Symptom Relief Tablets 200mg Ibuprofen 12 Pack,N/A,N/A,$10.00,$0.83 Each,https://foodlandbalaklava.com.au//lines/nurofen-cold-flu-pe-tabs-12s-1
Foodland Balaklava,2025-05-04 23:58:51,Nurofen Cold And Flu Multi-Symptom Relief Tablets 200mg Ibuprofen 24 Pack,N/A,N/A,$17.00,$0.71 Each,https://foodlandbalaklava.com.au//lines/nurofen-cold-flu-pe-tabs-24s-1
Foodland Balaklava,2025-05-04 23:58:51,Nurofen Core Tablets 200mg 24,N/A,N/A,$7.35,$0.31 Each,https://foodlandbalaklava.com.au//lines/nurofen-tablets-24s
Foodland Balaklava,2025-05-04 23:58:51,Nurofen For Children 7+ Orange Chewable Capsules 12,N/A,N/A,$10.50,$0.88 Each,https://foodlandbalaklava.com.au//lines/nurofen-chw-child7-12s
Foodland Balaklava,2025-05-04 23:58:51,Nurofen Pain And Inflammation Relief Caplets 200mg Ibuprofen 12 Pack,N/A,N/A,$4.45,$0.37 Each,https://foodlandbalaklava.com.au//lines/nurofen-caplets-12-s
Foodland Balaklava,2025-05-04 23:58:51,Nurofen Quickzorb Ibuprofen Lysine 342mg 12 Caplets 12pk,N/A,was $5.90,$5.45,$0.45 Each,https://foodlandbalaklava.com.au//lines/nurofen-quickzorb-caplets-12s
Foodland Balaklava,2025-05-04 23:58:51,Nurofen Quickzorb Ibuprofen Lysine 342mg 24 Caplets,N/A,N/A,$9.45,$0.39 Each,https://foodlandbalaklava.com.au//lines/nurofen-quickzorb-caplets-24s
Foodland Balaklava,2025-05-04 23:58:51,Nurofen Tablets 12s 200mg Ibuprofen Anti-Inflammatory Pain Relief,N/A,N/A,$4.45,$0.37 Each,https://foodlandbalaklava.com.au//lines/nurofen-tablets-12s
Foodland Balaklava,2025-05-04 23:58:51,Nurofen Zavance Fast Pain Relief Caplets 256mg Ibuprofen 12 Pack,N/A,N/A,$5.50,$0.46 Each,https://foodlandbalaklava.com.au//lines/nurofen-zavance-cap-256mg-12s
Foodland Balaklava,2025-05-04 23:58:51,Nurofen Zavance Fast Pain Relief Liquid Capsules 200mg Ibuprofen 10 Pack,N/A,was $5.50,$4.75,$0.48 Each,https://foodlandbalaklava.com.au//lines/nurofen-zavance-liq-caps-10s
Foodland Balaklava,2025-05-04 23:58:51,Nurofen Zavance Fast Pain Relief Liquid Capsules 200mg Ibuprofen 20 Pack,N/A,N/A,$7.20,$0.36 Each,https://foodlandbalaklava.com.au//lines/nurofen-zavance-liq-caps-20s
Foodland Balaklava,2025-05-04 23:58:51,Nurofen Zavance Tablets 12s 256mg Ibuprofen Pain Relief,N/A,N/A,$5.50,$0.46 Each,https://foodlandbalaklava.com.au//lines/nurofen-zavance-tab-256mg-12s
Foodland Balaklava,2025-05-04 23:58:51,Nutrient Water Blackberry Goji,575mL,N/A,$3.80,$6.61 per L,https://foodlandbalaklava.com.au//lines/nutrient-water-blackberry-goji-575ml
Foodland Balaklava,2025-05-04 23:58:51,Nutrient Water Boysenberry & Lemonade Flavour Revive,575mL,N/A,$3.80,$6.61 per L,https://foodlandbalaklava.com.au//lines/nutrient-water-boysenbry-lemonade-575ml
Foodland Balaklava,2025-05-04 23:58:51,Nutrient Water Dragonfruit Endurance,575mL,N/A,$3.80,$6.61 per L,https://foodlandbalaklava.com.au//lines/nutrient-water-dragonfruit-575ml
Foodland Balaklava,2025-05-04 23:58:51,Nutrient Water Passionfruit & Lime,575mL,N/A,$3.80,$6.61 per L,https://foodlandbalaklava.com.au//lines/nutrient-water-p-fruit-lime-575ml
Foodland Balaklava,2025-05-04 23:58:51,Nutrient Water Strawberry Guava A-Game,575mL,N/A,$3.80,$6.61 per L,https://foodlandbalaklava.com.au//lines/nutrient-water-strawberry-guava-575ml-1
Foodland Balaklava,2025-05-04 23:58:51,Nutrimate Beef And Rice Dog Food Roll,1kg,N/A,$4.00,$4.00 per kg,https://foodlandbalaklava.com.au//lines/nutrimate-beef-rce-veg-roll1kg
Foodland Balaklava,2025-05-04 23:58:51,Nutrimate Beef N Rice Dogfood Roll,3kg,N/A,$10.80,$3.60 per kg,https://foodlandbalaklava.com.au//lines/nutrimate-beef-rce-veg-roll3kg
Foodland Balaklava,2025-05-04 23:58:51,Nutrimate Chicken N Rice Dogfood Roll,3kg,N/A,$10.80,$3.60 per kg,https://foodlandbalaklava.com.au//lines/nutrimate-chk-rce-veg-roll-3kg
Foodland Balaklava,2025-05-04 23:58:51,Nutrimate Roll Chk Rce Veg,1kg,N/A,$4.00,$4.00 per kg,https://foodlandbalaklava.com.au//lines/nutrimate-chkn-rce-veg-roll1kg
Foodland Balaklava,2025-05-04 23:58:51,Nuttelex Olive Spread,500g,N/A,$6.10,$1.22 per 100g,https://foodlandbalaklava.com.au//lines/nuttelex-sprd-olive-oil-500gm
Foodland Balaklava,2025-05-04 23:58:51,NUTTELEX SPREAD ORIGINAL,1kg,was $9.45,$8.00,$0.80 per 100g,https://foodlandbalaklava.com.au//lines/nuttlx-sprd-tbl-orig-1kg
Foodland Balaklava,2025-05-04 23:58:51,Nyakers Ginger Snaps Original,150g,N/A,$3.70,$2.47 per 100g,https://foodlandbalaklava.com.au//lines/nyakers-ginger-snaps-orig-150gm
Foodland Balaklava,2025-05-04 23:58:51,Nyal Bronchitis Cough Medicine,200mL,N/A,$11.55,$5.78 per 100mL,https://foodlandbalaklava.com.au//lines/nyal-bronchitis-mixture-200ml
Foodland Balaklava,2025-05-04 23:58:51,Nyal Chesty Cough Medicine,200mL,N/A,$11.55,$5.78 per 100mL,https://foodlandbalaklava.com.au//lines/nyal-cough-chesty-200ml
Foodland Balaklava,2025-05-04 23:58:51,Nyal Nasal Decongestant Tablets 24 Pack,N/A,N/A,$12.60,$0.52 Each,https://foodlandbalaklava.com.au//lines/nyal-tabs-decongestant-24s
Foodland Balaklava,2025-05-04 23:58:51,Nyal Paracetamol Capsules,N/A,was $3.70,$3.15,$0.20 Each,https://foodlandbalaklava.com.au//lines/nyal-paracetamol-capsules-16s
Foodland Balaklava,2025-05-04 23:58:51,Nylon Basting Spoon 1pk,N/A,N/A,$6.30,N/A,https://foodlandbalaklava.com.au//lines/f-guru-rubr-grip-nyn-bastn-spn
Foodland Balaklava,2025-05-04 23:58:51,O'cedar Furniture Polish,300mL,N/A,$11.49,$3.83 per 100mL,https://foodlandbalaklava.com.au//lines/o-cedar-polish-furniture-300ml
Foodland Balaklava,2025-05-04 23:58:51,O'sheas Deodoriser,500mL,was $9.35,$9.25,$1.85 per 100mL,https://foodlandbalaklava.com.au//lines/o-sheas-deodoriser-500ml
Foodland Balaklava,2025-05-04 23:58:51,O'sheas Spot Remover,500mL,was $9.35,$9.25,$1.85 per 100mL,https://foodlandbalaklava.com.au//lines/o-sheas-spot-remover-500ml
Foodland Balaklava,2025-05-04 23:58:51,O/​Kit B/​Less Chick Rst Trad Rw,N/A,N/A,$28.00,N/A,https://foodlandbalaklava.com.au//lines/o-kit-b-less-chick-rst-trad-rw
Foodland Balaklava,2025-05-04 23:58:51,O/​Kit B/​Less Chk Rst Tom/​Gar Rw,N/A,N/A,$28.00,N/A,https://foodlandbalaklava.com.au//lines/o-kit-b-less-chk-rst-tom-gar-rw
Foodland Balaklava,2025-05-04 23:58:51,O/​Kit Beef Bolognaise,400g,N/A,$13.00,$3.25 per 100g,https://foodlandbalaklava.com.au//lines/o-kit-beef-bolognaise-400g
Foodland Balaklava,2025-05-04 23:58:51,O/​Kit Beef Ragu,400g,N/A,$13.00,$3.25 per 100g,https://foodlandbalaklava.com.au//lines/o-kit-beef-ragu-400g
Foodland Balaklava,2025-05-04 23:58:51,O/​Kit Butter Chicken,400g,N/A,$13.00,$3.25 per 100g,https://foodlandbalaklava.com.au//lines/o-kit-butter-chicken-400g
Foodland Balaklava,2025-05-04 23:58:51,O/​Kit Chick Steak L/​BBQ,500g,N/A,$13.50,$27.00 per kg,https://foodlandbalaklava.com.au//lines/o-kit-chick-steak-l-bbq-500g
Foodland Balaklava,2025-05-04 23:58:51,O/​Kit Chick Steak Lem/​Org,500g,N/A,$13.50,$27.00 per kg,https://foodlandbalaklava.com.au//lines/o-kit-chick-steak-lem-org-500g
Foodland Balaklava,2025-05-04 23:58:51,O/​Kit Chick Steak Lime Chili,500g,N/A,$13.50,$27.00 per kg,https://foodlandbalaklava.com.au//lines/o-kit-chick-steak-lime-chili-500g
Foodland Balaklava,2025-05-04 23:58:51,O/​Kit Chick Steak Tandoori,500g,N/A,$13.50,$27.00 per kg,https://foodlandbalaklava.com.au//lines/o-kit-chick-steak-tandoori-500g
Foodland Balaklava,2025-05-04 23:58:51,O/​Kit Inferno Chilli Beef,400g,N/A,$13.00,$3.25 per 100g,https://foodlandbalaklava.com.au//lines/o-kit-inferno-chilli-beef-400g
Foodland Balaklava,2025-05-04 23:58:51,O/​Kit Mango Chicken,400g,N/A,$13.00,$3.25 per 100g,https://foodlandbalaklava.com.au//lines/o-kit-mango-chicken-400g
Foodland Balaklava,2025-05-04 23:58:51,O/​Kit Mexican Beef,400g,N/A,$13.00,$3.25 per 100g,https://foodlandbalaklava.com.au//lines/o-kit-mexican-beef-400g
Foodland Balaklava,2025-05-04 23:58:51,O/​Menu Chck Burger,165g,was $5.50,$4.50,$2.73 per 100g,https://foodlandbalaklava.com.au//lines/o-menu-chck-burger-165gm-4
Foodland Balaklava,2025-05-04 23:58:52,O/​Pwr Goo Remover,110mL,N/A,$7.00,$63.64 per L,https://foodlandbalaklava.com.au//lines/o-pwr-goo-remover-110ml
Foodland Balaklava,2025-05-04 23:58:52,Oak Chocolate Flavoured Milk,300mL,was $2.95,$2.60,$8.67 per L,https://foodlandbalaklava.com.au//lines/oak-milk-chocolate-flav-300ml
Foodland Balaklava,2025-05-04 23:58:52,Oak Chocolate Lactose Free Flavoured Milk,600mL,N/A,$3.95,$6.58 per L,https://foodlandbalaklava.com.au//lines/oak-chocolate-lactose-free-600ml
Foodland Balaklava,2025-05-04 23:58:52,Oak Iced Coffee Flavoured Milk,600mL,N/A,$3.95,$6.58 per L,https://foodlandbalaklava.com.au//lines/oak-ice-coffee-600ml
Foodland Balaklava,2025-05-04 23:58:52,Oak Iced Coffee Flavoured Milk,750mL,N/A,$4.90,$6.53 per L,https://foodlandbalaklava.com.au//lines/oak-milk-flav-coff-iced-750ml
Foodland Balaklava,2025-05-04 23:58:52,Oak Milk Flav Choc,750mL,N/A,$4.90,$6.53 per L,https://foodlandbalaklava.com.au//lines/oak-milk-flav-choc-750ml-1
Foodland Balaklava,2025-05-04 23:58:52,Oak Milk Rolo Flavoured,600mL,N/A,$3.95,$6.58 per L,https://foodlandbalaklava.com.au//lines/oak-milk-rolo-flavoured-600ml
Foodland Balaklava,2025-05-04 23:58:52,Oak Milkybar Flavoured Milk,600mL,N/A,$3.95,$6.58 per L,https://foodlandbalaklava.com.au//lines/oak-milk-milky-bar-600ml
Foodland Balaklava,2025-05-04 23:58:52,Oak Plus Milk Nsa Slt Car500ml,N/A,N/A,$4.00,$8.00 per L,https://foodlandbalaklava.com.au//lines/oak-plus-milk-nsa-slt-car500ml
Foodland Balaklava,2025-05-04 23:58:52,Oak Plus Protein No Sugar Added Chocolate,500mL,N/A,$4.00,$8.00 per L,https://foodlandbalaklava.com.au//lines/oak-plus-milk-nas-choc-500ml
Foodland Balaklava,2025-05-04 23:58:52,Oak Plus Protein No Sugar Added Vanilla,500mL,N/A,$4.00,$8.00 per L,https://foodlandbalaklava.com.au//lines/oak-plus-milk-nas-van-500ml
Foodland Balaklava,2025-05-04 23:58:52,Oak Strawberry Flavoured Milk,300mL,was $2.95,$2.60,$8.67 per L,https://foodlandbalaklava.com.au//lines/oak-milk-strawberry-flav-300ml
Foodland Balaklava,2025-05-04 23:58:52,Oak Strawberry Flavoured Milk,600mL,N/A,$3.95,$6.58 per L,https://foodlandbalaklava.com.au//lines/oak-strawberry-600ml
Foodland Balaklava,2025-05-04 23:58:52,Oak Strawberry Flavoured Milk,750mL,N/A,$4.90,$6.53 per L,https://foodlandbalaklava.com.au//lines/oak-milk-flav-strawb-750ml
Foodland Balaklava,2025-05-04 23:58:52,Oak Uht Flavoured Milk Chocolate,6 x 200mL,was $7.90,$6.70,$5.58 per L,https://foodlandbalaklava.com.au//lines/oak-milk-chocolate-uht-6x200ml
Foodland Balaklava,2025-05-04 23:58:52,Oak Uht Flavoured Milk Iced Coffee,6 x 200mL,was $7.90,$6.70,$5.58 per L,https://foodlandbalaklava.com.au//lines/oak-milk-ice-coffee-uht6x200ml
Foodland Balaklava,2025-05-04 23:58:52,Oak Uht Flavoured Milk Strawberry,6 x 200mL,was $7.90,$6.70,$5.58 per L,https://foodlandbalaklava.com.au//lines/oak-milk-strawberry-uht6x200ml
Foodland Balaklava,2025-05-04 23:58:52,Oakwood Everyday Leather Wipes 170mm X 300mm) X 20pk,N/A,N/A,$5.99,$29.95 Units100,https://foodlandbalaklava.com.au//lines/oakwd-e-day-leather-wipes-20pk
Foodland Balaklava,2025-05-04 23:58:52,Oakwood Everyday Wood Care Furniture Wipes | 20 Pack 20pk,N/A,N/A,$5.99,$29.95 Units100,https://foodlandbalaklava.com.au//lines/oakwd-e-day-wood-wipes-20pk
Foodland Balaklava,2025-05-04 23:58:52,Oakwood Leather Deep Clean Soap,500mL,N/A,$11.99,$2.40 per 100mL,https://foodlandbalaklava.com.au//lines/oakwd-soap-leathr-deep-cl500ml
Foodland Balaklava,2025-05-04 23:58:52,Oat Slice Almond & Apricot,100g,N/A,$3.80,$3.80 per 100g,https://foodlandbalaklava.com.au//lines/oat-slice-almond-apricot-100gm
Foodland Balaklava,2025-05-04 23:58:52,"Oat Slice Carob, Macadamia, Apricot",100g,N/A,$3.80,$3.80 per 100g,https://foodlandbalaklava.com.au//lines/oat-slice-carob-macadamia-apricot-100g
Foodland Balaklava,2025-05-04 23:58:52,Oat Slice Nut Delight,100g,N/A,$3.80,$3.80 per 100g,https://foodlandbalaklava.com.au//lines/oat-slice-nut-delight-100g
Foodland Balaklava,2025-05-04 23:58:52,Oat Slice Pch/​Mngo Yoghurt,100g,N/A,$3.80,$3.80 per 100g,https://foodlandbalaklava.com.au//lines/oat-slice-pch-mngo-yoghurt-100gm
Foodland Balaklava,2025-05-04 23:58:52,Oat Slice Peach/​Mango 6pk,240g,N/A,$9.00,$3.75 per 100g,https://foodlandbalaklava.com.au//lines/oat-slice-peach-mango-6pk-240g
Foodland Balaklava,2025-05-04 23:58:52,Oat Slice Ygt Strawberry,100g,N/A,$3.80,$3.80 per 100g,https://foodlandbalaklava.com.au//lines/oat-slice-ygt-strawberry-100g
Foodland Balaklava,2025-05-04 23:58:52,Oates Aa Wringer Mop Bucket,9L,N/A,$41.90,N/A,https://foodlandbalaklava.com.au//lines/oates-bucket-wringer-mop-9ltr
Foodland Balaklava,2025-05-04 23:58:52,Oates Antibacterial Premium Mop Refill - L,N/A,N/A,$12.39,N/A,https://foodlandbalaklava.com.au//lines/oates-mop-head-antibac-large
Foodland Balaklava,2025-05-04 23:58:52,Oates Bathroom Series Toilet Set,N/A,N/A,$15.90,N/A,https://foodlandbalaklava.com.au//lines/oates-bathrm-series-toilet-set
Foodland Balaklava,2025-05-04 23:58:52,Oates Broom Handle Multifit,N/A,N/A,$6.15,N/A,https://foodlandbalaklava.com.au//lines/oates-broom-handle-multifit
Foodland Balaklava,2025-05-04 23:58:52,Oates Deck Scrub,N/A,N/A,$7.35,N/A,https://foodlandbalaklava.com.au//lines/oates-brush-deck-scrub
Foodland Balaklava,2025-05-04 23:58:52,Oates Ezy Spray Mop,N/A,N/A,$32.10,N/A,https://foodlandbalaklava.com.au//lines/oates-mop-ezy-spray
Foodland Balaklava,2025-05-04 23:58:52,Oates Ezy Spray Mop Refill,N/A,N/A,$15.17,N/A,https://foodlandbalaklava.com.au//lines/oates-mop-ezy-spray-refill
Foodland Balaklava,2025-05-04 23:58:52,Oates General Scrub -,N/A,N/A,$8.80,N/A,https://foodlandbalaklava.com.au//lines/oates-brush-scrub-w-hndle-mer
Foodland Balaklava,2025-05-04 23:58:52,Oates Mop Head Antibac X-Large,N/A,N/A,$12.60,N/A,https://foodlandbalaklava.com.au//lines/oates-mop-head-antibac-x-large
Foodland Balaklava,2025-05-04 23:58:52,Oates Multifit Sponge Refill 2pk,N/A,N/A,$12.86,N/A,https://foodlandbalaklava.com.au//lines/oates-mop-squeeze-refill-m-fit
Foodland Balaklava,2025-05-04 23:58:52,Oates Soft Grip Electrostatic Duster,N/A,N/A,$5.25,N/A,https://foodlandbalaklava.com.au//lines/oates-duster-e-static-softgrip
Foodland Balaklava,2025-05-04 23:58:52,Oates Soft Grip Window Squeegee -,N/A,N/A,$4.75,N/A,https://foodlandbalaklava.com.au//lines/oates-window-squeegee-softgrip
Foodland Balaklava,2025-05-04 23:58:52,Oates Supreme Garden Broom,N/A,N/A,$19.95,N/A,https://foodlandbalaklava.com.au//lines/oates-broom-sup-gardner
Foodland Balaklava,2025-05-04 23:58:52,Oates Tilt-A-Matic Squeeze Sponge Mop,N/A,N/A,$18.53,N/A,https://foodlandbalaklava.com.au//lines/oates-mop-squeeze-tiltamatic
Foodland Balaklava,2025-05-04 23:58:52,Oates Triple Action Flat Mop,N/A,N/A,$33.39,N/A,https://foodlandbalaklava.com.au//lines/oates-mop-enviro-dusting-floor
Foodland Balaklava,2025-05-04 23:58:52,Oatly Mlk Oat Barista,1L,N/A,$5.80,$5.80 per L,https://foodlandbalaklava.com.au//lines/oatly-mlk-oat-barista-1l
Foodland Balaklava,2025-05-04 23:58:52,Ob Finest Wafer Crackers Cracked Pepper,100g,was $3.70,$3.50,$3.50 per 100g,https://foodlandbalaklava.com.au//lines/ob-f-wafer-crack-pepper-100gm
Foodland Balaklava,2025-05-04 23:58:52,Ob Finest Wafer Crackers Original,100g,was $3.70,$3.50,$3.50 per 100g,https://foodlandbalaklava.com.au//lines/ob-finst-wafer-crckr-orig-100g
Foodland Balaklava,2025-05-04 23:58:52,Ob Heavenly Nachos,250g,was $6.80,$6.20,$2.48 per 100g,https://foodlandbalaklava.com.au//lines/ob-heavenly-nachos-250g
Foodland Balaklava,2025-05-04 23:58:52,Obap Ndl Swt Potato #​100gm,N/A,N/A,$2.40,$2.40 per 100g,https://foodlandbalaklava.com.au//lines/obap-ndl-swt-potato-100gm
Foodland Balaklava,2025-05-04 23:58:52,Obela Hi Protein Humous,125g,N/A,$4.75,$3.80 per 100g,https://foodlandbalaklava.com.au//lines/obela-hommus-dp-cr-class125gm
Foodland Balaklava,2025-05-04 23:58:52,Obela Hommus,450g,N/A,$6.85,$15.22 per kg,https://foodlandbalaklava.com.au//lines/obela-hommus-class-450g
Foodland Balaklava,2025-05-04 23:58:53,Obela Hommus Garn Swt Pot220gm,N/A,was $5.80,$4.90,$2.23 per 100g,https://foodlandbalaklava.com.au//lines/obela-hommus-garn-swt-pot220gm
Foodland Balaklava,2025-05-04 23:58:53,Obela Hommus Garnished Zesty Jalapeno,220g,was $5.80,$4.90,$2.23 per 100g,https://foodlandbalaklava.com.au//lines/obela-hommus-grn-zst-jalp220gm
Foodland Balaklava,2025-05-04 23:58:53,Obela Hommus Roast Capsicum,220g,was $5.80,$4.90,$2.23 per 100g,https://foodlandbalaklava.com.au//lines/obela-hommus-rst-caps-220gm
Foodland Balaklava,2025-05-04 23:58:53,Obela Hommus Spicy Harissa,220g,N/A,$5.80,$2.64 per 100g,https://foodlandbalaklava.com.au//lines/obela-hommus-harisssa-220g
Foodland Balaklava,2025-05-04 23:58:53,Obela Hommus To Go Roasted Capsicum Hommus With Sakata Wholegrain Rice Crackers,125g,N/A,$4.20,$3.36 per 100g,https://foodlandbalaklava.com.au//lines/obela-hommus-tg-rst-capsi125gm
Foodland Balaklava,2025-05-04 23:58:53,Obela Hommus To Go Smooth Classic Hommus With Sakata Wholegrain Rice Crackers,125g,N/A,$4.20,$3.36 per 100g,https://foodlandbalaklava.com.au//lines/obela-hommus-tg-smth-clsc125gm
Foodland Balaklava,2025-05-04 23:58:53,Obela Sticky Balsamic & Tomato Hommus,220g,was $5.80,$4.90,$2.23 per 100g,https://foodlandbalaklava.com.au//lines/obela-hommus-garn-bl-tom-220g
Foodland Balaklava,2025-05-04 23:58:53,Obela Tzatziki To Go Classic,125g,N/A,$4.20,$3.36 per 100g,https://foodlandbalaklava.com.au//lines/obela-tg-tzatziki-clsc-125gm
Foodland Balaklava,2025-05-04 23:58:53,Obela+ High Protein Jalapeno Hommus,125g,N/A,$4.75,$3.80 per 100g,https://foodlandbalaklava.com.au//lines/obela-hommus-dp-cr-jalp-125g
Foodland Balaklava,2025-05-04 23:58:53,Obento Cooking Sake,250mL,N/A,$3.80,$1.52 per 100mL,https://foodlandbalaklava.com.au//lines/obento-cooking-sake-250ml
Foodland Balaklava,2025-05-04 23:58:53,Obento Rice Wine Vinegar#​250ml,N/A,N/A,$2.75,$1.10 per 100mL,https://foodlandbalaklava.com.au//lines/obento-rice-wine-vinegar-250ml
Foodland Balaklava,2025-05-04 23:58:53,Obento Seasoning Mirin,250mL,N/A,$4.60,$1.84 per 100mL,https://foodlandbalaklava.com.au//lines/obento-mirin-seasoning-250ml
Foodland Balaklava,2025-05-04 23:58:53,Obento Soy Sushi & Sashimi,250mL,N/A,$3.80,$1.52 per 100mL,https://foodlandbalaklava.com.au//lines/obento-soy-sc-sushi-sash-250ml
Foodland Balaklava,2025-05-04 23:58:53,Obento Sushi Kit,540g,N/A,$13.45,$2.49 per 100g,https://foodlandbalaklava.com.au//lines/obento-sushi-kit-540gm
Foodland Balaklava,2025-05-04 23:58:53,Obento Sushi Mat #​24cm,N/A,N/A,$2.25,N/A,https://foodlandbalaklava.com.au//lines/obento-sushi-mat-24cm
Foodland Balaklava,2025-05-04 23:58:53,Obento Tempura Batter Mix,500g,N/A,$4.15,$0.83 per 100g,https://foodlandbalaklava.com.au//lines/obento-tempura-batr-mix-500gm
Foodland Balaklava,2025-05-04 23:58:53,Oc Air Frsh Mela/​Ntv Blsm,200mL,N/A,$6.30,$3.15 per 100mL,https://foodlandbalaklava.com.au//lines/oc-air-frsh-mela-ntv-blsm-200ml
Foodland Balaklava,2025-05-04 23:58:53,Oc Air Frsh Van & V/​Orchid,200mL,N/A,$6.30,$3.15 per 100mL,https://foodlandbalaklava.com.au//lines/oc-air-frsh-van-v-orchid-200ml-1
Foodland Balaklava,2025-05-04 23:58:53,Oc Kids 3in1 Conditioning Shampoo & Body Wash Fruit Blast,400mL,was $4.20,$3.60,$0.90 per 100mL,https://foodlandbalaklava.com.au//lines/organic-care-kids-3n1frt-400ml
Foodland Balaklava,2025-05-04 23:58:53,Oc Naturals Antibacterial Hand Wash Lemongrass & Ginger,400mL,N/A,$5.25,$1.31 per 100mL,https://foodlandbalaklava.com.au//lines/organic-care-h-w-lgrs-gin400ml
Foodland Balaklava,2025-05-04 23:58:53,Oc Naturals Coco Repair Hydrating Conditioner,400mL,was $4.05,$3.30,$0.82 per 100mL,https://foodlandbalaklava.com.au//lines/organic-care-cond-coco-400ml
Foodland Balaklava,2025-05-04 23:58:53,Oc Naturals Coco Repair Hydrating Shampoo,400mL,was $4.05,$3.30,$0.82 per 100mL,https://foodlandbalaklava.com.au//lines/organic-care-s-poo-coco-400ml
Foodland Balaklava,2025-05-04 23:58:53,Oc Naturals Deep Nourish Moisturising Conditioner,400mL,was $4.05,$3.30,$0.82 per 100mL,https://foodlandbalaklava.com.au//lines/organic-care-cond-prm-dr-400ml
Foodland Balaklava,2025-05-04 23:58:53,Oc Naturals Deep Nourish Moisturising Shampoo,400mL,was $4.05,$3.30,$0.82 per 100mL,https://foodlandbalaklava.com.au//lines/organic-care-s-poo-prm-dr400ml
Foodland Balaklava,2025-05-04 23:58:53,Oc Naturals Hair Styling Hard Gel Extreme Hold,250g,was $3.40,$2.70,$1.08 per 100g,https://foodlandbalaklava.com.au//lines/nat-org-care-hair-gel-pmp250gm
Foodland Balaklava,2025-05-04 23:58:53,Oc Naturals Hand Wash Replenishing Vanilla Shea,400mL,N/A,$5.25,$1.31 per 100mL,https://foodlandbalaklava.com.au//lines/organic-care-h-w-van-shea400ml
Foodland Balaklava,2025-05-04 23:58:53,Oc Naturals Kids 3in1 Conditioning Shampoo & Body Wash Berry Bliss,400mL,was $4.20,$3.60,$0.90 per 100mL,https://foodlandbalaklava.com.au//lines/organic-care-kids-3n1bry-400ml
Foodland Balaklava,2025-05-04 23:58:53,Oc Naturals Kids Bubble Bath Tutti Fruity,400mL,N/A,$4.20,$1.05 per 100mL,https://foodlandbalaklava.com.au//lines/organic-care-kid-bbl-bth-400ml
Foodland Balaklava,2025-05-04 23:58:53,Oc Naturals Moisturising Body Wash Vanilla Ylang Ylang,725mL,N/A,$7.35,$1.01 per 100mL,https://foodlandbalaklava.com.au//lines/oc-b-wash-van-ylang-ylng-725ml
Foodland Balaklava,2025-05-04 23:58:53,Oc Naturals Normal Balance Daily Conditioner,400mL,was $4.05,$3.30,$0.82 per 100mL,https://foodlandbalaklava.com.au//lines/organic-care-cond-norml-400ml
Foodland Balaklava,2025-05-04 23:58:53,Oc Naturals Normal Balance Daily Conditioner,725mL,was $7.00,$5.75,$0.79 per 100mL,https://foodlandbalaklava.com.au//lines/organic-care-cond-normal-725ml
Foodland Balaklava,2025-05-04 23:58:53,Oc Naturals Normal Balance Daily Shampoo,725mL,was $7.00,$5.75,$0.79 per 100mL,https://foodlandbalaklava.com.au//lines/organic-care-s-poo-nrml-725ml
Foodland Balaklava,2025-05-04 23:58:53,Oc Naturals Refreshing Body Wash Mango & Papaya,725mL,N/A,$7.35,$1.01 per 100mL,https://foodlandbalaklava.com.au//lines/oc-b-wash-mango-papaya-725ml
Foodland Balaklava,2025-05-04 23:58:53,Oc Naturals Rejuvenating Body Wash Rose & Patchouli,725mL,N/A,$7.35,$1.01 per 100mL,https://foodlandbalaklava.com.au//lines/oc-b-wash-rose-patchli-725ml
Foodland Balaklava,2025-05-04 23:58:53,Oc Naturals Silky Smooth Nourishing Shampoo,400mL,was $4.05,$3.30,$0.82 per 100mL,https://foodlandbalaklava.com.au//lines/organic-care-s-poo-s-smth400ml
Foodland Balaklava,2025-05-04 23:58:53,Ocean Spray Drink Cranberry Pomegranate,1.5L,was $6.70,$5.15,$3.43 per L,https://foodlandbalaklava.com.au//lines/o-spray-drk-crnbry-pom-pet1-5l
Foodland Balaklava,2025-05-04 23:58:53,Ocean Spray Sauce Cranberry Wholeberry,275g,N/A,$4.40,$1.60 per 100g,https://foodlandbalaklava.com.au//lines/o-spray-sce-cranberry-whl275gm
Foodland Balaklava,2025-05-04 23:58:53,Ody Bondi Facewasher 2pk Coal,N/A,N/A,$5.70,N/A,https://foodlandbalaklava.com.au//lines/odyssey-face-washer-2pk-coal
Foodland Balaklava,2025-05-04 23:58:53,Odyssey Bondi Hand Towel - Coal,N/A,N/A,$5.50,N/A,https://foodlandbalaklava.com.au//lines/odyssey-hand-towel-coal
Foodland Balaklava,2025-05-04 23:58:53,Odyssey Shower Curtain 1pk,N/A,N/A,$12.60,N/A,https://foodlandbalaklava.com.au//lines/odyssey-shower-curtain-1pk
Foodland Balaklava,2025-05-04 23:58:53,Off! Kids Deet Free Insect Repellent Pump Spray,175mL,N/A,$11.55,$6.60 per 100mL,https://foodlandbalaklava.com.au//lines/off-kids-pump-spry-175ml
Foodland Balaklava,2025-05-04 23:58:53,Off! Kids Deet Free Insect Repellent Spray,150g,N/A,$11.55,$7.70 per 100g,https://foodlandbalaklava.com.au//lines/off-kids-aerosl-insct-rpl150gm
Foodland Balaklava,2025-05-04 23:58:53,Off! Tropical Strength Insect Repellent Spray,175mL,N/A,$11.45,$6.54 per 100mL,https://foodlandbalaklava.com.au//lines/off-tropical-pump-175ml
Foodland Balaklava,2025-05-04 23:58:53,Ogx Extra Strength Hydrate & Repair + Argan Oil Of Morocco Conditioner For Damaged Hair,385mL,was $25.00,$18.05,$4.69 per 100mL,https://foodlandbalaklava.com.au//lines/ogx-cond-morocco-oil-xs-385ml
Foodland Balaklava,2025-05-04 23:58:53,Ogx Extra Strength Hydrate & Repair + Argan Oil Of Morocco Shampoo For Damaged Hair,385mL,was $25.00,$18.05,$4.69 per 100mL,https://foodlandbalaklava.com.au//lines/ogx-s-poo-morocco-oil-xs-385ml
Foodland Balaklava,2025-05-04 23:58:53,Olay Complete Uv Protection Moisture Lotion Normal/​Dry,150mL,N/A,$16.80,$11.20 per 100mL,https://foodlandbalaklava.com.au//lines/olay-lotion-moist-dry-nr-150ml
Foodland Balaklava,2025-05-04 23:58:53,Olay Luminous Brightening Niacinamide + Vitamin C Super Face Serum Skin Care,30mL,N/A,$60.00,$200.00 per 100mL,https://foodlandbalaklava.com.au//lines/olay-lum-niacin-vitc-serm-30ml
Foodland Balaklava,2025-05-04 23:58:53,Olay Provital Anti-Wrinkle Night Face Cream Moisturiser,50mL,N/A,$18.40,$36.80 per 100g,https://foodlandbalaklava.com.au//lines/olay-pro-night-cream-50gm
Foodland Balaklava,2025-05-04 23:58:54,Olay Regenerist Anti Aging Niacinamide Micro-Sculpting Face Cream Moisturiser Skin Care,50g,N/A,$63.00,$126.00 per 100g,https://foodlandbalaklava.com.au//lines/olay-regen-m-sclp-cream-50gm
Foodland Balaklava,2025-05-04 23:58:54,Olay Regenerist Anti Aging Niacinamide Micro-Sculpting Night Face Cream Moisturiser Skin Care,50g,N/A,$63.00,$126.00 per 100g,https://foodlandbalaklava.com.au//lines/olay-regn-m-sc-cream-nght-50gm
Foodland Balaklava,2025-05-04 23:58:54,Olay Regenerist Anti Aging Retinol 24 Night Moisturiser Face Cream Skin Care,50g,N/A,$59.00,$118.00 per 100g,https://foodlandbalaklava.com.au//lines/olay-reg-retn-24fce-crm-50gm
Foodland Balaklava,2025-05-04 23:58:54,Olay® Moisturising Cream Sensitive Skin,100g,N/A,$16.80,$16.80 per 100g,https://foodlandbalaklava.com.au//lines/olay-cream-sens-skin-100gm
Foodland Balaklava,2025-05-04 23:58:54,Olay® Moisturising Cream①,100g,N/A,$16.80,$16.80 per 100g,https://foodlandbalaklava.com.au//lines/olay-cream-100gm
Foodland Balaklava,2025-05-04 23:58:54,Olay® Moisturising Lotion,150mL,N/A,$16.80,$11.20 per 100mL,https://foodlandbalaklava.com.au//lines/olay-lotion-150ml
Foodland Balaklava,2025-05-04 23:58:54,Old Bike,N/A,N/A,$13.99,N/A,https://foodlandbalaklava.com.au//lines/old-bike
Foodland Balaklava,2025-05-04 23:58:54,Old El Paso Black Beans Mild,425g,N/A,$4.75,$1.12 per 100g,https://foodlandbalaklava.com.au//lines/o-e-paso-black-beans-425gm
Foodland Balaklava,2025-05-04 23:58:54,Old El Paso Burrito Tortilla Kit Beans & Chili,485g,N/A,$8.95,$1.85 per 100g,https://foodlandbalaklava.com.au//lines/o-e-paso-burrito-kit-485gm-2
Foodland Balaklava,2025-05-04 23:58:54,Old El Paso Chilli Con Carne Mild Cooking Sauce,170g,N/A,$4.75,$2.79 per 100g,https://foodlandbalaklava.com.au//lines/o-e-paso-sce-cook-chl-con170gm
Foodland Balaklava,2025-05-04 23:58:54,Old El Paso Crispy Chicken Soft Taco Spice Mix,35g,N/A,$3.15,$9.00 per 100g,https://foodlandbalaklava.com.au//lines/o-e-paso-spice-chicken-35gm
Foodland Balaklava,2025-05-04 23:58:54,Old El Paso Enchilada Cooking Sauce Mild,375g,N/A,$6.30,$1.68 per 100g,https://foodlandbalaklava.com.au//lines/o-e-paso-enchilada-sce-375gm
Foodland Balaklava,2025-05-04 23:58:54,Old El Paso Enchilada Kit Oven Baked Cheesy Tomato,1.04kg,N/A,$12.60,$1.21 per 100g,https://foodlandbalaklava.com.au//lines/o-e-paso-enchilada-kit-1-04kg
Foodland Balaklava,2025-05-04 23:58:54,Old El Paso Fajita Spice Mix Mexican Style,40g,N/A,$3.15,$7.88 per 100g,https://foodlandbalaklava.com.au//lines/o-e-paso-spice-fajita-40gm
Foodland Balaklava,2025-05-04 23:58:54,Old El Paso Gluten Free Jumbo Tortillas,215g,N/A,$6.30,$2.93 per 100g,https://foodlandbalaklava.com.au//lines/o-e-paso-tort-gl-free-jmb215gm
Foodland Balaklava,2025-05-04 23:58:54,Old El Paso Gluten Free Kit Soft Taco,418g,N/A,$10.00,$2.39 per 100g,https://foodlandbalaklava.com.au//lines/o-e-paso-taco-soft-kit-g-f-405gm
Foodland Balaklava,2025-05-04 23:58:54,Old El Paso Gluten Free Taco Spice Mix,30g,N/A,$3.15,$10.50 per 100g,https://foodlandbalaklava.com.au//lines/o-e-paso-spice-g-free-30gm
Foodland Balaklava,2025-05-04 23:58:54,Old El Paso Gluten Free Tortilla,216g,N/A,$6.30,$2.92 per 100g,https://foodlandbalaklava.com.au//lines/o-e-paso-tort-gl-free-6s-216gm
Foodland Balaklava,2025-05-04 23:58:54,Old El Paso Green Jalapenos Hot,250g,N/A,$5.20,$2.08 per 100g,https://foodlandbalaklava.com.au//lines/o-e-paso-jalap-chil-slc-250gm
Foodland Balaklava,2025-05-04 23:58:54,Old El Paso Guacamole Spice Mix,30g,N/A,$3.15,$10.50 per 100g,https://foodlandbalaklava.com.au//lines/o-e-paso-spice-guacamole-30gm
Foodland Balaklava,2025-05-04 23:58:54,Old El Paso Nachos Salsa For Topping Mild,390g,N/A,$6.00,$1.54 per 100g,https://foodlandbalaklava.com.au//lines/o-e-paso-nachos-topping-390gm
Foodland Balaklava,2025-05-04 23:58:54,Old El Paso Nachos Spice Mix,35g,N/A,$3.15,$9.00 per 100g,https://foodlandbalaklava.com.au//lines/o-e-paso-spice-nacho-guac-35gm
Foodland Balaklava,2025-05-04 23:58:54,Old El Paso Reduced Salt Taco Spice Mix,30g,N/A,$3.15,$10.50 per 100g,https://foodlandbalaklava.com.au//lines/o-e-paso-spice-taco-r-slt-30gm
Foodland Balaklava,2025-05-04 23:58:54,Old El Paso Regular Tortillas Flour,240g,N/A,$4.75,$1.98 per 100g,https://foodlandbalaklava.com.au//lines/o-e-paso-tortillas-6pk-2
Foodland Balaklava,2025-05-04 23:58:54,Old El Paso Regular Tortillas Flour,400g,N/A,$5.80,$1.45 per 100g,https://foodlandbalaklava.com.au//lines/o-e-paso-tortillas-10pk-2
Foodland Balaklava,2025-05-04 23:58:54,Old El Paso Stand 'N Stuff Mini Soft Flour Tortilla Boats,145g,N/A,$6.30,$4.34 per 100g,https://foodlandbalaklava.com.au//lines/o-e-paso-tort-s-stf-mn-w-w145g
Foodland Balaklava,2025-05-04 23:58:54,Old El Paso Taco Sauce Hot,200g,N/A,$4.75,$2.38 per 100g,https://foodlandbalaklava.com.au//lines/o-e-paso-sce-taco-hot-200gm
Foodland Balaklava,2025-05-04 23:58:54,Old El Paso Tortilla Pockets,223g,was $6.30,$4.95,$2.22 per 100g,https://foodlandbalaklava.com.au//lines/o-e-paso-tortilla-pocket-223gm
Foodland Balaklava,2025-05-04 23:58:54,Old El Paso Tortilla Pockets Kit Original Mexican Style,375g,N/A,$10.00,$2.67 per 100g,https://foodlandbalaklava.com.au//lines/o-e-paso-tort-pocket-kit-375g
Foodland Balaklava,2025-05-04 23:58:54,Olga's Chk/​Schnit Chip/​Lime,500g,N/A,$11.45,$22.90 per kg,https://foodlandbalaklava.com.au//lines/olga-s-chk-schnit-chip-lime-500g
Foodland Balaklava,2025-05-04 23:58:54,Olga's Chk/​Schnit Sr Crm/​On,500g,N/A,$11.45,$22.90 per kg,https://foodlandbalaklava.com.au//lines/olga-s-chk-schnit-sr-crm-on-500g
Foodland Balaklava,2025-05-04 23:58:54,"Olina's Bakehouse Artisan Crackers Chilli, Garlic & Cashew",100g,was $4.75,$3.50,$3.50 per 100g,https://foodlandbalaklava.com.au//lines/olinas-crkr-chl-gar-cshw-100g
Foodland Balaklava,2025-05-04 23:58:54,Olina's Bakehouse Artisan Crackers Fig & Black Olive,100g,was $4.75,$3.50,$3.50 per 100g,https://foodlandbalaklava.com.au//lines/olina-s-art-crckr-fig-bl-olive-100gm
Foodland Balaklava,2025-05-04 23:58:54,Olina's Bakehouse Mini Cookies Choc Chip,120g,N/A,$5.25,$4.38 per 100g,https://foodlandbalaklava.com.au//lines/olinas-ckie-mini-ch-chip-120g
Foodland Balaklava,2025-05-04 23:58:54,Olive Branch Crunchy Beetroot,200g,was $5.79,$5.50,$2.75 per 100g,https://foodlandbalaklava.com.au//lines/ob-crunchy-beetroot-dip-200g
Foodland Balaklava,2025-05-04 23:58:54,Olive Branch Heavenly Sundried Tomato & Basil Crunch,N/A,was $6.80,$6.20,$2.48 per 100g,https://foodlandbalaklava.com.au//lines/ob-heavenly-s-d-tomato-250g
Foodland Balaklava,2025-05-04 23:58:54,Olive Grove Buttery Spread,500g,was $6.30,$5.80,$1.16 per 100g,https://foodlandbalaklava.com.au//lines/olive-gve-sprd-btry-s-slt500gm
Foodland Balaklava,2025-05-04 23:58:54,Olive Grove Classic Olive Oil Spread,500g,was $6.30,$5.80,$1.16 per 100g,https://foodlandbalaklava.com.au//lines/olive-gve-sprd-mon-unsat-500gm
Foodland Balaklava,2025-05-04 23:58:54,Olive Grove Extra Virgin Olive Oil Spread,500g,was $6.30,$5.80,$1.16 per 100g,https://foodlandbalaklava.com.au//lines/olive-gve-sprd-ex-virg-500gm
Foodland Balaklava,2025-05-04 23:58:54,Olive Grove Lite Olive Oil Spread,500g,was $6.30,$5.80,$1.16 per 100g,https://foodlandbalaklava.com.au//lines/olive-gve-sprd-lite-500gm
Foodland Balaklava,2025-05-04 23:58:54,Olives Kalamatta,N/A,N/A,$25.00,N/A,https://foodlandbalaklava.com.au//lines/olives-kalamatta-1
Foodland Balaklava,2025-05-04 23:58:54,Olives Split Marinated,N/A,N/A,$25.00,N/A,https://foodlandbalaklava.com.au//lines/olives-green
Foodland Balaklava,2025-05-04 23:58:54,Olives Tequilla/​Lime/​Chilli,N/A,N/A,$25.00,N/A,https://foodlandbalaklava.com.au//lines/olives-tequilla-lime-chilli
Foodland Balaklava,2025-05-04 23:58:54,Omo Active Clean Washing Powder Attacks Stains 1st Time Front & Top Loader,2kg,was $29.40,$14.00,$7.00 per kg,https://foodlandbalaklava.com.au//lines/omo-l-pdr-fl-tl-active-cln-2kg
Foodland Balaklava,2025-05-04 23:58:54,Omo Active Clean Washing Powder Attacks Stains 1st Time Front & Top Loader For Laundry Powered By Naturally Derived Stain Removers & Biodegradable Enz,N/A,was $16.30,$10.00,$10.00 per kg,https://foodlandbalaklava.com.au//lines/omo-l-pdr-conc-act-cln-fl-tl1k
Foodland Balaklava,2025-05-04 23:58:54,Omo Active Laundry Capsules Brilliant Clean 1st Time 3 In 1 Detergent Capsules That Attack Stains In Quick And Cold Wash 17 Capsules,N/A,N/A,$21.00,$1.24 Each,https://foodlandbalaklava.com.au//lines/omo-l-liq-caps-3in1-act-17s
Foodland Balaklava,2025-05-04 23:58:54,Omo Active Laundry Capsules Brilliant Clean 1st Time 3 In 1 Laundry Detergent That Attack Stains In Quick And Cold Wash 50 Capsules,N/A,N/A,$30.00,$0.60 Each,https://foodlandbalaklava.com.au//lines/omo-l-liq-caps-3in1-act-50s
Foodland Balaklava,2025-05-04 23:58:54,Omo Active Laundry Capsules Brilliant Clean 1st Time 3 In 1 Laundry Detergent That Attacks Stains In Quick And Cold Wash 28 Capsules,28 x 1764g,N/A,$28.00,$1.00 Each,https://foodlandbalaklava.com.au//lines/omo-laundry-caps-3-in-1-act28s
Foodland Balaklava,2025-05-04 23:58:55,Omo Expert Laundry Liquid Eliminates Odours With Odour Active Technology Odour Eliminator Laundry Detergent For Tough Stains And Set-In Odours,2L,N/A,$32.00,$16.00 per L,https://foodlandbalaklava.com.au//lines/omo-l-liq-f-t-odor-elim-2l
Foodland Balaklava,2025-05-04 23:58:55,Omo Laundry Capsules Expert Odour Eliminator 28 Ea,N/A,was $32.00,$16.00,$0.57 Each,https://foodlandbalaklava.com.au//lines/omo-l-liq-caps-3in1-odour-28s
Foodland Balaklava,2025-05-04 23:58:55,Omo Laundry Capsules Ultimate Sensitive 50 Ea,N/A,was $52.50,$37.50,$0.75 Each,https://foodlandbalaklava.com.au//lines/omo-l-liq-caps-3in1-ult-sen50s
Foodland Balaklava,2025-05-04 23:58:55,Omo Sensitive Laundry Capsules Dermatologically Tested And Gentle On Skin 3 In 1 Laundry Detergent For A Fragrance-Free Brilliant Clean 28 Capsules,N/A,N/A,$28.00,$1.00 Each,https://foodlandbalaklava.com.au//lines/omo-laundry-caps-3-in-1-sen28s
Foodland Balaklava,2025-05-04 23:58:55,Omo Sensitive Laundry Liquid Laundry Detergent That Is Tough On Stains And Gentle On Skin Front & Top Loader Attacks Stains Even In A Quick And Cold W,N/A,was $47.25,$27.00,$6.75 per L,https://foodlandbalaklava.com.au//lines/omo-l-liq-f-t-sensitive-4l
Foodland Balaklava,2025-05-04 23:58:55,Omo Sensitive Washing Powder Tough On Laundry Stains And Gentle On Skin Front & Top Loader Fragrance Free & Dye Free,1kg,was $16.30,$10.00,$10.00 per kg,https://foodlandbalaklava.com.au//lines/omo-l-pdr-conc-sens-fl-tl-1kg
Foodland Balaklava,2025-05-04 23:58:55,Omo Touch Of Comfort Laundry Liquid Attacks Stains Even In A Quick And Cold Wash Front & Top Loader Laundry Detergent For A Brilliant Clean 1st Time 2,N/A,was $29.40,$14.00,$7.00 per L,https://foodlandbalaklava.com.au//lines/omo-l-liq-f-t-tch-of-comfrt-2l
Foodland Balaklava,2025-05-04 23:58:55,Omo Ultimate Laundry Capsules Attack Ultra-Tough Stains 3 In 1 Our Best Capsule Formula With 2x Cleaning Power Per Drop* 17 Capsules,17 x 1371g,N/A,$23.00,$1.35 Each,https://foodlandbalaklava.com.au//lines/omo-caps-trip-cap-ult-17s
Foodland Balaklava,2025-05-04 23:58:55,Omo Ultimate Laundry Capsules Attack Ultra-Tough Stains 3 In 1 Our Best Capsule Formula With 2x Cleaning Power Per Drop* 28 Capsules,28 x 2259g,was $32.00,$16.00,$0.57 Each,https://foodlandbalaklava.com.au//lines/omo-caps-trip-cap-ult-28s
Foodland Balaklava,2025-05-04 23:58:55,Omo Ultimate Laundry Liquid Attacks Ultra-Tough Stains Front & Top Loader Laundry Detergent With Built In Pre-Treaters,2L,N/A,$32.00,$16.00 per L,https://foodlandbalaklava.com.au//lines/omo-l-liq-f-t-ultimate-2l
Foodland Balaklava,2025-05-04 23:58:55,Omo Ultimate Sensitive Laundry Capsules 3 In 1 Laundry Detergent 28 Capsules,N/A,was $32.00,$16.00,$0.57 Each,https://foodlandbalaklava.com.au//lines/omo-l-liq-caps-3in1-ult-sen28s
Foodland Balaklava,2025-05-04 23:58:55,On The Menu Big Feast Beef Cutlet,480g,N/A,$9.35,$1.95 per 100g,https://foodlandbalaklava.com.au//lines/o-menu-beef-cutlet-bfst-480gm
Foodland Balaklava,2025-05-04 23:58:55,On The Menu Chicken Fettuccine,260g,N/A,$3.80,$1.46 per 100g,https://foodlandbalaklava.com.au//lines/o-menu-fettuccini-chickn-260gm
Foodland Balaklava,2025-05-04 23:58:55,On The Menu Family Beef Lasagne,1kg,was $10.00,$9.50,$0.95 per 100g,https://foodlandbalaklava.com.au//lines/o-menu-lasagna-beef-1kg
Foodland Balaklava,2025-05-04 23:58:55,On The Menu Pub Faves BBQ Mixed Grill,320g,was $7.75,$6.75,$2.11 per 100g,https://foodlandbalaklava.com.au//lines/o-menu-bbq-mixed-grill-320gm
Foodland Balaklava,2025-05-04 23:58:55,On The Menu Pub Faves Chicken Parmigiana,320g,was $7.75,$6.75,$2.11 per 100g,https://foodlandbalaklava.com.au//lines/o-menu-chickn-parmigiana-320gm
Foodland Balaklava,2025-05-04 23:58:55,On The Menu Pub Faves Fish & Chips,320g,was $7.75,$6.75,$2.11 per 100g,https://foodlandbalaklava.com.au//lines/o-menu-plate-fish-chips-320gm
Foodland Balaklava,2025-05-04 23:58:55,On The Menu Pub Faves Meatloaf,320g,was $7.75,$6.75,$2.11 per 100g,https://foodlandbalaklava.com.au//lines/o-menu-meatloaf-320gm
Foodland Balaklava,2025-05-04 23:58:55,On The Menu Roast Chicken Roll,179g,was $5.80,$5.15,$2.88 per 100g,https://foodlandbalaklava.com.au//lines/otm-roll-rst-chick-13024-179gm
Foodland Balaklava,2025-05-04 23:58:55,On The Road - Free Cmp St Gyd,N/A,N/A,$19.95,N/A,https://foodlandbalaklava.com.au//lines/on-the-road-free-cmp-st-gyd
Foodland Balaklava,2025-05-04 23:58:55,Onions Pickling White Per Kg,N/A,N/A,$7.20,N/A,https://foodlandbalaklava.com.au//lines/apples-rockit-pre-pack-1kg
Foodland Balaklava,2025-05-04 23:58:55,Only Org Pear Kiwi Oat,120g,was $2.40,$2.15,$1.79 per 100g,https://foodlandbalaklava.com.au//lines/only-org-pear-kiwi-oat-120gm
Foodland Balaklava,2025-05-04 23:58:55,Only Organic Banana Biscotti 9 Months,100g,N/A,$5.25,$5.25 per 100g,https://foodlandbalaklava.com.au//lines/only-org-biscoti-ban-100gm
Foodland Balaklava,2025-05-04 23:58:55,Only Organic Kindy Beef Bolognese Pasta 1-5 Years,220g,N/A,$4.05,$1.84 per 100g,https://foodlandbalaklava.com.au//lines/only-org-psta-ex-bf-bol-220gm
Foodland Balaklava,2025-05-04 23:58:55,Only Organic Kindy Vegetable Chicken Risotto 1-5 Years,220g,N/A,$4.05,$1.84 per 100g,https://foodlandbalaklava.com.au//lines/only-org-rsto-vege-chic-220gm
Foodland Balaklava,2025-05-04 23:58:55,"Only Organic Pumpkin, Potato & Beef 8+ Months",170g,was $3.30,$3.00,$1.76 per 100g,https://foodlandbalaklava.com.au//lines/only-org-pump-potat-beef-170gm
Foodland Balaklava,2025-05-04 23:58:55,Only Organic Yoghurt Rice Cakes 1-5 Years,60g,N/A,$5.25,$8.75 per 100g,https://foodlandbalaklava.com.au//lines/only-org-rce-cks-yoghurt-60gm
Foodland Balaklava,2025-05-04 23:58:55,Oomph Enzyme Powered Cleaner Sandalwood Infusion,750mL,N/A,$5.45,$0.73 per 100mL,https://foodlandbalaklava.com.au//lines/sparkle-shwr-cln-s-fresh-750ml-1
Foodland Balaklava,2025-05-04 23:58:55,Op Air Fresh Orange,200mL,N/A,$8.50,$4.25 per 100mL,https://foodlandbalaklava.com.au//lines/op-air-fresh-orange-200ml
Foodland Balaklava,2025-05-04 23:58:55,Optimum Adult 1+ Years Dry Cat Food With Ocean Fish,2kg,was $26.25,$21.50,$10.75 per kg,https://foodlandbalaklava.com.au//lines/optimum-cat-adult-ocn-fish-2kg
Foodland Balaklava,2025-05-04 23:58:55,Optimum Adult Dental With Chicken,3kg,N/A,$24.15,$0.80 per 100g,https://foodlandbalaklava.com.au//lines/optimum-dog-dental-chick-3kg
Foodland Balaklava,2025-05-04 23:58:55,Optimum Adult Dog Food With Beef & Rice Can,400g,N/A,$3.60,$0.90 per 100g,https://foodlandbalaklava.com.au//lines/optimum-dog-adlt-bf-rice-400gm
Foodland Balaklava,2025-05-04 23:58:55,Optimum Adult Dog Food With Beef & Rice Can,700g,was $5.25,$4.20,$0.60 per 100g,https://foodlandbalaklava.com.au//lines/optimum-ad-beef-rice-egg-700gm
Foodland Balaklava,2025-05-04 23:58:55,Optimum Adult Dog Food With Chicken & Rice Can,400g,N/A,$3.60,$0.90 per 100g,https://foodlandbalaklava.com.au//lines/optimum-dog-adlt-ch-rce-400gm
Foodland Balaklava,2025-05-04 23:58:55,Optimum Adult Dog Food With Chicken & Rice Trays,6 x 100g,N/A,$11.05,$1.84 per 100g,https://foodlandbalaklava.com.au//lines/optimum-dog-chk-rce-6x100gm
Foodland Balaklava,2025-05-04 23:58:55,Optimum Adult Dog Food With Lamb & Rice Can,400g,N/A,$3.60,$0.90 per 100g,https://foodlandbalaklava.com.au//lines/optimum-dog-adlt-lmb-rce-400gm
Foodland Balaklava,2025-05-04 23:58:55,Optimum Adult Dog Food With Lamb & Rice Can,700g,was $5.25,$4.20,$0.60 per 100g,https://foodlandbalaklava.com.au//lines/optimum-ad-lamb-rice-700gm
Foodland Balaklava,2025-05-04 23:58:55,Optimum Adult Dog Food With Lamb & Rice Trays,6 x 100g,N/A,$11.05,$1.84 per 100g,https://foodlandbalaklava.com.au//lines/optimum-dog-lmb-rce-6x100gm
Foodland Balaklava,2025-05-04 23:58:55,Optimum Adult Dog Food With Real Kangaroo & Vegetables Can,700g,was $5.25,$4.20,$0.60 per 100g,https://foodlandbalaklava.com.au//lines/optimum-dog-adlt-kngr-veg700gm
Foodland Balaklava,2025-05-04 23:58:55,Optimum Adult Dog Food With Salmon & Rice Trays,6 x 100g,N/A,$11.05,$1.84 per 100g,https://foodlandbalaklava.com.au//lines/optimum-dog-salm-rce-6x100gm
Foodland Balaklava,2025-05-04 23:58:55,Optimum Adult Oral Care Dry Cat Food With Chicken,2kg,was $26.25,$21.50,$1.08 per 100g,https://foodlandbalaklava.com.au//lines/optimum-cat-oral-care-chck-2kg
Foodland Balaklava,2025-05-04 23:58:55,"Optimum Adult Toy Small Breed With Chicken, Vegetables & Rice",3kg,N/A,$24.15,$0.80 per 100g,https://foodlandbalaklava.com.au//lines/optimum-adlt-sml-ch-vg-rc-3kg
Foodland Balaklava,2025-05-04 23:58:55,Optimum Adult Wet Dog Food With Chicken And Rice Tray,100g,N/A,$2.00,$2.00 per 100g,https://foodlandbalaklava.com.au//lines/optimum-dog-chk-rce-veg-100gm
Foodland Balaklava,2025-05-04 23:58:55,Optimum Adult Wet Dog Food With Lamb And Rice Tray,100g,N/A,$2.00,$2.00 per 100g,https://foodlandbalaklava.com.au//lines/optimum-adult-lamb-rice-100gm
Foodland Balaklava,2025-05-04 23:58:55,Optimum Adult Wet Dog Food With Real Kangaroo & Vegetables Tray,100g,N/A,$2.00,$2.00 per 100g,https://foodlandbalaklava.com.au//lines/optimum-adult-kang-veg-100gm
Foodland Balaklava,2025-05-04 23:58:55,Optimum Adult Wet Dog Food With Salmon And Rice Tray,100g,N/A,$2.00,$2.00 per 100g,https://foodlandbalaklava.com.au//lines/optimum-dog-salm-rce-vg-100gm
Foodland Balaklava,2025-05-04 23:58:55,"Optimum Dog Dry Food Adult All Breed With Chicken, Vegetables & Rice",3kg,N/A,$24.15,$0.80 per 100g,https://foodlandbalaklava.com.au//lines/optimum-adlt-chic-veg-rice-3kg
Foodland Balaklava,2025-05-04 23:58:55,Optimum Dry Cat Lifestage Furball Chicken,800g,was $13.15,$9.00,$1.12 per 100g,https://foodlandbalaklava.com.au//lines/optimum-cat-f-ball-chkn-800gm
Foodland Balaklava,2025-05-04 23:58:56,Optimum Dry Dog Adult Beef Vegetable Rice,7kg,was $47.25,$38.00,$0.54 per 100g,https://foodlandbalaklava.com.au//lines/optimum-adult-bf-veg-rice-7kg
Foodland Balaklava,2025-05-04 23:58:56,"Optimum Dry Dog Senior 7+ With Chicken, Vegetables & Rice",2.7kg,N/A,$24.15,$0.89 per 100g,https://foodlandbalaklava.com.au//lines/optimum-dog-adlt7-chk-veg2-7kg
Foodland Balaklava,2025-05-04 23:58:56,Optimum Healthy Weight Wet Cat Food With Chicken Chunks In Jelly Pouches 12 X 100g,12 x 85g,was $21.00,$17.90,$1.75 per 100g,https://foodlandbalaklava.com.au//lines/optimum-cat-wght-chck-12x85gm
Foodland Balaklava,2025-05-04 23:58:56,Optimum Lifestage Cat Adult Furball Chicken,2kg,was $26.25,$21.50,$10.75 per kg,https://foodlandbalaklava.com.au//lines/optimum-ad-cat-furbal-chic-2kg
Foodland Balaklava,2025-05-04 23:58:56,Optimum Light & Healthy Adult Wet Dog Food Chicken & Rice Can,680g,was $5.25,$4.20,$0.62 per 100g,https://foodlandbalaklava.com.au//lines/optimum-we-ma-chkn-rce-680gm
Foodland Balaklava,2025-05-04 23:58:56,Optimum Puppy All Breed With Chicken,3kg,N/A,$24.15,$0.80 per 100g,https://foodlandbalaklava.com.au//lines/optimum-puppy-chicken-3kg
Foodland Balaklava,2025-05-04 23:58:56,Optimum Puppy All Breed With Chicken,7kg,was $47.25,$38.00,$0.54 per 100g,https://foodlandbalaklava.com.au//lines/optimum-puppy-chic-7kg
Foodland Balaklava,2025-05-04 23:58:56,"Optimum Puppy Dog Food With Chicken, Rice & Vegetables Trays",6 x 100g,N/A,$11.05,$1.84 per 100g,https://foodlandbalaklava.com.au//lines/optimum-puppy-chk-rc-vg6x100gm
Foodland Balaklava,2025-05-04 23:58:56,"Optimum Puppy Wet Dog Food With Chicken, Rice & Vegetables Tray",100g,N/A,$2.00,$2.00 per 100g,https://foodlandbalaklava.com.au//lines/optimum-puppy-chkn-rce-vg100gm
Foodland Balaklava,2025-05-04 23:58:56,Optimum Skin & Coat Grain Free Adult Wet Cat Food Salmon Jelly Pouch,85g,N/A,$2.30,$2.71 per 100g,https://foodlandbalaklava.com.au//lines/optimum-cat-s-c-cij-slmn-85gm
Foodland Balaklava,2025-05-04 23:58:56,Oral-B 3d White Luxe Glamorous White Whitening Toothpaste,95g,N/A,$10.50,$11.05 per 100g,https://foodlandbalaklava.com.au//lines/oral-b-t-pste-3d-lux-glam-95gm
Foodland Balaklava,2025-05-04 23:58:56,"Oral-B 3dwhite Luxe Perfection Whitening Toothpaste,",95g,N/A,$10.50,$11.05 per 100mL,https://foodlandbalaklava.com.au//lines/oral-b-t-pste-3d-lux-perf-95gm
Foodland Balaklava,2025-05-04 23:58:56,Oral-B Complete 5 Way Clean Soft Toothbrush 1 Count,N/A,N/A,$4.20,N/A,https://foodlandbalaklava.com.au//lines/oral-b-t-brsh-5way-cln-sft-1pk
Foodland Balaklava,2025-05-04 23:58:56,"Oral-B Cross Action Clean All-In-One Charcoal Toothbrush, 3 Pack",N/A,N/A,$6.30,N/A,https://foodlandbalaklava.com.au//lines/oral-b-t-brsh-3d-white-char1pk
Foodland Balaklava,2025-05-04 23:58:56,"Oral-B Deep Clean Electric Toothbrush Refill, 3 Pack",N/A,N/A,$31.50,$10.50 Each,https://foodlandbalaklava.com.au//lines/oral-b-t-brsh-hd-x-act-rf-3pk
Foodland Balaklava,2025-05-04 23:58:56,"Oral-B Dental Science Sensitivity And Gum Extra Fresh Breath, Soft Mint Sensitive Toothpaste",90g,N/A,$10.50,$11.67 per 100g,https://foodlandbalaklava.com.au//lines/oral-b-t-pste-sen-gum-frsh90gm
Foodland Balaklava,2025-05-04 23:58:56,"Oral-B Essential Waxed Clean Dental Floss, Mint",50m,N/A,$4.20,$0.08 per M,https://foodlandbalaklava.com.au//lines/oral-b-floss-mint-waxed-50m
Foodland Balaklava,2025-05-04 23:58:56,"Oral-B Floss Action Clean Electric Toothbrush Refills, 3 Pack",N/A,N/A,$31.50,$10.50 Each,https://foodlandbalaklava.com.au//lines/oral-b-t-brsh-hd-f-act-rf-3pk
Foodland Balaklava,2025-05-04 23:58:56,"Oral-B Fresh Clean Medium Toothbrush, 1 Pack",N/A,N/A,$3.15,N/A,https://foodlandbalaklava.com.au//lines/oral-b-t-brsh-f-cln-40-med-1pk
Foodland Balaklava,2025-05-04 23:58:56,"Oral-B Fresh Clean Soft Toothbrush, 1 Pack",N/A,N/A,$3.15,N/A,https://foodlandbalaklava.com.au//lines/oral-b-t-brsh-f-cln-40-sft-1pk
Foodland Balaklava,2025-05-04 23:58:56,Oral-B Gum & Enamel Daily Protection Sensitive Mint Toothpaste,110g,N/A,$10.50,$9.55 per 100g,https://foodlandbalaklava.com.au//lines/oral-b-t-pste-gum-cr-rest110gm
Foodland Balaklava,2025-05-04 23:58:56,Oral-B Kids Battery Toothbrush Frozen,N/A,N/A,$12.60,N/A,https://foodlandbalaklava.com.au//lines/oral-b-t-brsh-pwr-kids-ast-1pk
Foodland Balaklava,2025-05-04 23:58:56,Oral-B Kids Star Wars 6+ Years Clean Mild Mint Toothpaste,92g,N/A,$3.70,$4.02 per 100g,https://foodlandbalaklava.com.au//lines/oral-b-t-pste-jnr-str-war-92gm
Foodland Balaklava,2025-05-04 23:58:56,Oral-B Pro 800 Cross Action Clean Electric Toothbrush,N/A,N/A,$105.00,N/A,https://foodlandbalaklava.com.au//lines/oral-b-t-brsh-power-pro-800-1s
Foodland Balaklava,2025-05-04 23:58:56,Oral-B Pro Health Complete Defence System All Around Protection Clean Toothpaste,200g,N/A,$12.60,$6.30 per 100g,https://foodlandbalaklava.com.au//lines/oral-b-t-pste-gum-cds-mnt200gm
Foodland Balaklava,2025-05-04 23:58:56,Oral-B Pro Health Complete Defence System Deep Clean Toothpaste,110g,N/A,$6.30,$5.73 per 100g,https://foodlandbalaklava.com.au//lines/oral-b-t-pst-p-hlt-adv-110gm
Foodland Balaklava,2025-05-04 23:58:56,"Oral-B Satin Tape Clean Dental Floss, Mint",25m,N/A,$4.20,$0.00 per M,https://foodlandbalaklava.com.au//lines/oral-b-floss-tape-stn-mnt-25m
Foodland Balaklava,2025-05-04 23:58:56,Oral-B Sensitive Clean Electric Toothbrush Replacement Head - 2 Pack,N/A,N/A,$16.80,$8.40 Each,https://foodlandbalaklava.com.au//lines/oral-b-brsh-hd-s-tive-clean-2s
Foodland Balaklava,2025-05-04 23:58:56,Oral-B Sensitive Teeth All Day Protection Toothpaste,90g,N/A,$10.50,$11.67 per 100g,https://foodlandbalaklava.com.au//lines/oral-b-t-pste-sen-gum-alday90g
Foodland Balaklava,2025-05-04 23:58:56,"Oral-B Stages 2 Mickey 2-4 Years Clean Kids Toothbrush, 1 Pack",N/A,N/A,$3.75,N/A,https://foodlandbalaklava.com.au//lines/oral-b-t-brush-stges-wini2-4yr
Foodland Balaklava,2025-05-04 23:58:56,Oral-B Stages Kids Toothbrush 5-7 Years With Disney Characters 1 Count,N/A,N/A,$3.75,N/A,https://foodlandbalaklava.com.au//lines/oral-b-t-brush-stges-5-7yr
Foodland Balaklava,2025-05-04 23:58:56,Oral-B Teeth Decay Protect Daily Protection Clean Toothpaste,95g,N/A,$10.50,$11.05 per 100g,https://foodlandbalaklava.com.au//lines/oral-b-t-pst-enml-dns-pro-95g
Foodland Balaklava,2025-05-04 23:58:56,Orama Heavy Duty BBQ Wipes 12pk,N/A,was $4.59,$3.90,$0.32 Each,https://foodlandbalaklava.com.au//lines/hercules-bbq-wipes-12pk-1
Foodland Balaklava,2025-05-04 23:58:56,Orange Power Multi Purpose Cleaner,750mL,N/A,$6.50,$8.67 per L,https://foodlandbalaklava.com.au//lines/o-pwr-multi-purpose-clnr-750ml
Foodland Balaklava,2025-05-04 23:58:56,Orange Power Prewash Stain Remover,750mL,N/A,$6.05,$8.07 per L,https://foodlandbalaklava.com.au//lines/o-pwr-pre-wsh-stain-remover750ml
Foodland Balaklava,2025-05-04 23:58:56,Orange Power Shiower Bath & Tile Cleaner,750mL,N/A,$6.50,$8.67 per L,https://foodlandbalaklava.com.au//lines/o-pwr-shower-bath-tile-750ml
Foodland Balaklava,2025-05-04 23:58:56,Orchard Icing White,500g,N/A,$4.75,$0.95 per 100g,https://foodlandbalaklava.com.au//lines/orchard-icing-white-500gm
Foodland Balaklava,2025-05-04 23:58:56,Oreo Chocolate Cookies,128g,N/A,$3.15,$2.46 per 100g,https://foodlandbalaklava.com.au//lines/oreo-ckie-choc-128gm
Foodland Balaklava,2025-05-04 23:58:56,Oreo Ckie Pas M/​Mallow,131g,N/A,$3.15,$2.40 per 100g,https://foodlandbalaklava.com.au//lines/oreo-ckie-pas-m-mallow-131g
Foodland Balaklava,2025-05-04 23:58:56,Oreo Cone 4pk,475mL,N/A,$11.50,$2.42 per 100mL,https://foodlandbalaklava.com.au//lines/oreo-m-p-i-crm-ckie-cone-4s
Foodland Balaklava,2025-05-04 23:58:56,Oreo Double Stuff Dark Choc Mudcake Flavoured,131g,N/A,$3.15,$2.40 per 100g,https://foodlandbalaklava.com.au//lines/oreo-ckie-choc-dark-anz-131gm
Foodland Balaklava,2025-05-04 23:58:56,Oreo Grab & Go Original Cookies,248g,was $5.25,$4.75,$1.92 per 100g,https://foodlandbalaklava.com.au//lines/oreo-ckie-orig-g-g-248gm
Foodland Balaklava,2025-05-04 23:58:56,Oreo Mini Pas M/​Mallow,204g,N/A,$5.25,$2.57 per 100g,https://foodlandbalaklava.com.au//lines/oreo-mini-pas-m-mallow-204g
Foodland Balaklava,2025-05-04 23:58:56,Organic Choice Air Freshener Lemongrass & Cedarwood,200mL,N/A,$6.30,$3.15 per 100mL,https://foodlandbalaklava.com.au//lines/oc-air-frsh-l-grs-cdr-wood-200ml
Foodland Balaklava,2025-05-04 23:58:56,Organic Choice West Indian Lime & Coconut Air Freshener & Linen Spray,200mL,N/A,$6.30,$3.15 per 100mL,https://foodlandbalaklava.com.au//lines/oc-air-frsh-lime-c-nut-200ml
Foodland Balaklava,2025-05-04 23:58:56,Organic Oat Silce Yoghurt Burberry Cranberry,100g,N/A,$3.80,$3.80 per 100g,https://foodlandbalaklava.com.au//lines/oat-slice-ygt-b-berry-cranberry-100g
Foodland Balaklava,2025-05-04 23:58:56,Orgran All Purpose Crumbs Gluten Free,300g,N/A,$5.90,$1.97 per 100g,https://foodlandbalaklava.com.au//lines/orgran-rice-b-crumbs-300gm
Foodland Balaklava,2025-05-04 23:58:56,Orgran Beetroot & Tomato Crispibread,125g,N/A,$5.00,$4.00 per 100g,https://foodlandbalaklava.com.au//lines/orgran-crispbread-beet-tom-gf-125g
Foodland Balaklava,2025-05-04 23:58:57,Orgran Bisc O/​B Anml Choc#​175g,N/A,N/A,$5.50,$3.14 per 100g,https://foodlandbalaklava.com.au//lines/orgran-bisc-o-b-anml-choc-175g
Foodland Balaklava,2025-05-04 23:58:57,Orgran Buckwheat O/​S #​300gm,N/A,N/A,$7.95,$2.65 per 100g,https://foodlandbalaklava.com.au//lines/orgran-buckwheat-o-s-300gm
Foodland Balaklava,2025-05-04 23:58:57,Orgran Crispi Premium Breadcrumbs,300g,N/A,$6.20,$2.07 per 100g,https://foodlandbalaklava.com.au//lines/orgran-rice-b-crumbs-300gm-1
Foodland Balaklava,2025-05-04 23:58:57,Orgran Falafel Mix #,200g,N/A,$6.00,$3.00 per 100g,https://foodlandbalaklava.com.au//lines/orgran-falafel-mix-200gm
Foodland Balaklava,2025-05-04 23:58:57,Orgran Fruit Biscuits Apricot,175g,N/A,$8.00,$4.57 per 100g,https://foodlandbalaklava.com.au//lines/orgran-g-f-apricot-bisc-170gm
Foodland Balaklava,2025-05-04 23:58:57,Orgran G/​F Choc Brownie,400g,N/A,$6.85,$1.71 per 100g,https://foodlandbalaklava.com.au//lines/orgran-g-f-choc-brownie-400gm
Foodland Balaklava,2025-05-04 23:58:57,Orgran G/​F Choc Cake Mix,375g,N/A,$6.85,$1.83 per 100g,https://foodlandbalaklava.com.au//lines/orgran-g-f-choc-cake-mix-375gm
Foodland Balaklava,2025-05-04 23:58:57,Orgran G/​F Fruit Biscuits,175g,N/A,$8.00,$4.57 per 100g,https://foodlandbalaklava.com.au//lines/orgran-g-f-fruit-biscuits-175g
Foodland Balaklava,2025-05-04 23:58:57,Orgran Gluten Free Corn Crispbread,125g,N/A,$5.00,$4.00 per 100g,https://foodlandbalaklava.com.au//lines/orgran-crispbread-corn-125gm
Foodland Balaklava,2025-05-04 23:58:57,Orgran Instant Custard Mix,200g,N/A,$6.50,$3.25 per 100g,https://foodlandbalaklava.com.au//lines/orgran-instant-custard-mix-200g
Foodland Balaklava,2025-05-04 23:58:57,Orgran No Egg Replacer200g,N/A,was $5.95,$4.50,$2.25 per 100g,https://foodlandbalaklava.com.au//lines/orgran-no-egg-replacer200g-1
Foodland Balaklava,2025-05-04 23:58:57,Orgran Plain Flour Gluten Free,500g,N/A,$6.15,$12.30 per kg,https://foodlandbalaklava.com.au//lines/orgran-flour-plain-500gm
Foodland Balaklava,2025-05-04 23:58:57,Orgran Rice & Veg Pasta Spiral,350g,N/A,$6.15,$1.76 per 100g,https://foodlandbalaklava.com.au//lines/orgran-spirals-rice-veg-350gm
Foodland Balaklava,2025-05-04 23:58:57,Orgran Self Raising Flour,500g,N/A,$6.15,$12.30 per kg,https://foodlandbalaklava.com.au//lines/orgran-flour-slf-raising-500gm
Foodland Balaklava,2025-05-04 23:58:57,Orgran Vanilla Cake Mix,375g,N/A,$6.85,$1.83 per 100g,https://foodlandbalaklava.com.au//lines/orgran-vanilla-cake-mix-375g
Foodland Balaklava,2025-05-04 23:58:57,Osmocote House Mist&​Feed,236mL,N/A,$8.40,N/A,https://foodlandbalaklava.com.au//lines/osmocote-house-mist-feed-236ml
Foodland Balaklava,2025-05-04 23:58:57,Oso Garbage Bags Roll 25pk 25pk,N/A,was $5.10,$4.30,$0.17 Each,https://foodlandbalaklava.com.au//lines/oso-garbage-bags-roll-pk-25s
Foodland Balaklava,2025-05-04 23:58:57,Ostelin Calcium & Vitamin D3 Chewable 60 Tablets,N/A,N/A,$18.50,$30.83 Units100,https://foodlandbalaklava.com.au//lines/ostelin-vit-d-calc-chew-60s
Foodland Balaklava,2025-05-04 23:58:57,Ottogi Gochujang Hot Pepper Paste,170g,N/A,$3.35,$1.97 per 100g,https://foodlandbalaklava.com.au//lines/ottogi-pste-gochujang-170gm
Foodland Balaklava,2025-05-04 23:58:57,Ottogi Ndl Cup J/​Rmn Mld,65g,N/A,$2.55,$3.92 per 100g,https://foodlandbalaklava.com.au//lines/ottogi-ndl-cup-j-rmn-mld-65gm
Foodland Balaklava,2025-05-04 23:58:57,Ottogi Spicy Jin Ramen Noodles,5 x 120g,N/A,$7.35,$1.22 per 100g,https://foodlandbalaklava.com.au//lines/ottogi-ndl-j-rmn-spcy-5x120gm
Foodland Balaklava,2025-05-04 23:58:57,Our Kitchen Drumsticks Buffalo,1kg,N/A,$16.50,$16.50 per kg,https://foodlandbalaklava.com.au//lines/o-kit-chick-d-sticks-buffalo-1kg
Foodland Balaklava,2025-05-04 23:58:57,Our Kitchen Nibbles Buffalo,1kg,N/A,$16.50,$16.50 per kg,https://foodlandbalaklava.com.au//lines/o-kit-chick-nibbles-buffalo-1kg
Foodland Balaklava,2025-05-04 23:58:57,Oust 3 In 1 Disinfectant Surface Spray Garden Fresh- Hospital Grade,325g,N/A,$9.45,$2.91 per 100g,https://foodlandbalaklava.com.au//lines/oust-3in1-aero-gdrn-frsh-325gm
Foodland Balaklava,2025-05-04 23:58:57,Oust 3 In 1 Disinfectant Surface Spray Outdoor Scent- Hospital Grade,325g,N/A,$9.45,$2.91 per 100g,https://foodlandbalaklava.com.au//lines/oust-3in1-aero-outdoor-325gm
Foodland Balaklava,2025-05-04 23:58:57,Outback Magazine,N/A,N/A,$14.00,N/A,https://foodlandbalaklava.com.au//lines/outback-s-m
Foodland Balaklava,2025-05-04 23:58:57,Ovaltine Lasting Energy Choc Malt,480g,N/A,$10.00,$2.08 per 100g,https://foodlandbalaklava.com.au//lines/ovaltine-lasting-energy-480gm
Foodland Balaklava,2025-05-04 23:58:57,Ovaltine Sleep Calming Choc,400g,N/A,$14.70,$3.68 per 100g,https://foodlandbalaklava.com.au//lines/ovaltine-sleep-calm-choc-400gm
Foodland Balaklava,2025-05-04 23:58:57,Oxfam East Timor Ground Coffee Organic,250g,N/A,$10.85,$4.34 per 100g,https://foodlandbalaklava.com.au//lines/oxfam-fair-grd-e-timor-250gm
Foodland Balaklava,2025-05-04 23:58:57,Oxfam Ethiopia Coffee,250g,N/A,$10.85,$4.34 per 100g,https://foodlandbalaklava.com.au//lines/oxfam-coff-grd-ethiopia-250gm
Foodland Balaklava,2025-05-04 23:58:57,Oxfam Fair World Blend Ground Coffee,250g,N/A,$10.85,$4.34 per 100g,https://foodlandbalaklava.com.au//lines/oxfam-coff-grd-world-bld-250gm
Foodland Balaklava,2025-05-04 23:58:57,Oysters Half Doz,N/A,N/A,$12.00,N/A,https://foodlandbalaklava.com.au//lines/oysters-half-doz-1
Foodland Balaklava,2025-05-04 23:58:57,Ozkleen Carpet Power Amazing Carpet Cleaner Trigger,500mL,N/A,$8.40,$1.68 per 100mL,https://foodlandbalaklava.com.au//lines/ozkleen-carpet-pwr-trig500ml
Foodland Balaklava,2025-05-04 23:58:57,Ozkleen Descaler With Brush,500mL,N/A,$11.05,$2.21 per 100mL,https://foodlandbalaklava.com.au//lines/ozkleen-descaler-w-brush-500ml
Foodland Balaklava,2025-05-04 23:58:57,Ozkleen Mould Power Amazing Mould Killer Lavender Trigger,500mL,N/A,$7.75,$1.55 per 100mL,https://foodlandbalaklava.com.au//lines/ozkleen-power-mld-removr-500ml
Foodland Balaklava,2025-05-04 23:58:57,Ozkleen Oven Power Amazing Oven & BBQ Cleaner Kit,N/A,N/A,$10.10,$1.44 per 100g,https://foodlandbalaklava.com.au//lines/ozkleen-oven-clean-kit-700gm
Foodland Balaklava,2025-05-04 23:58:57,P/​C Australian Pears,175g,N/A,$7.29,$41.66 per kg,https://foodlandbalaklava.com.au//lines/p-c-australian-pears-175g
Foodland Balaklava,2025-05-04 23:58:57,P/​C Blanched Almond Meal,125g,N/A,$3.99,$31.92 per kg,https://foodlandbalaklava.com.au//lines/p-c-blanched-almond-meal-125g
Foodland Balaklava,2025-05-04 23:58:57,P/​C Flaked Almonds,125g,N/A,$4.19,$33.52 per kg,https://foodlandbalaklava.com.au//lines/p-c-flaked-almonds-125g
Foodland Balaklava,2025-05-04 23:58:57,P/​C Hazelnut Kernel,125g,N/A,$4.39,$35.12 per kg,https://foodlandbalaklava.com.au//lines/p-c-hazelnut-kernel-125g
Foodland Balaklava,2025-05-04 23:58:57,P/​C Hemp Seed,250g,N/A,$9.29,$3.72 per 100g,https://foodlandbalaklava.com.au//lines/p-c-hemp-seed-250g
Foodland Balaklava,2025-05-04 23:58:57,P/​C Organic Sultanas,250g,N/A,$4.59,$18.36 per kg,https://foodlandbalaklava.com.au//lines/p-c-organic-sultanas-250g
Foodland Balaklava,2025-05-04 23:58:57,P/​C Pine Nuts,100g,N/A,$7.99,$79.90 per kg,https://foodlandbalaklava.com.au//lines/p-c-pine-nuts-100g
Foodland Balaklava,2025-05-04 23:58:57,P/​C Pistachio Kernel,100g,N/A,$7.79,$77.90 per kg,https://foodlandbalaklava.com.au//lines/p-c-pistachio-kernel-100g
Foodland Balaklava,2025-05-04 23:58:57,P/​C Prunes,250g,N/A,$5.79,$23.16 per kg,https://foodlandbalaklava.com.au//lines/p-c-prunes-250g
Foodland Balaklava,2025-05-04 23:58:57,P/​C Psyllium Husks,500g,N/A,$15.99,$3.20 per 100g,https://foodlandbalaklava.com.au//lines/p-c-psyllium-husks-500g
Foodland Balaklava,2025-05-04 23:58:57,P/​C Whole Blanched Almonds,125g,N/A,$4.19,$33.52 per kg,https://foodlandbalaklava.com.au//lines/p-c-whole-blanched-almonds-125g
Foodland Balaklava,2025-05-04 23:58:57,P/​Field Grn Hlf Olives,250g,N/A,$3.99,$1.60 per 100g,https://foodlandbalaklava.com.au//lines/p-field-grn-hlf-olives-250g
Foodland Balaklava,2025-05-04 23:58:58,P/​Field White Vinegar,2L,N/A,$5.99,$3.00 per L,https://foodlandbalaklava.com.au//lines/p-field-white-vinegar-2lt
Foodland Balaklava,2025-05-04 23:58:58,P/​Star B/​Loon Garland Kit 40pc,N/A,N/A,$7.30,N/A,https://foodlandbalaklava.com.au//lines/p-star-b-loon-garland-kit-40pc
Foodland Balaklava,2025-05-04 23:58:58,P/​West Dim Sims Veg,400g,N/A,$7.70,$1.92 per 100g,https://foodlandbalaklava.com.au//lines/p-west-dim-sims-veg-400g
Foodland Balaklava,2025-05-04 23:58:58,P/​West Indian Platter,300g,N/A,$7.35,$2.45 per 100g,https://foodlandbalaklava.com.au//lines/p-west-indian-platter-300gm
Foodland Balaklava,2025-05-04 23:58:58,Pace Peach Sports Hydration Drink,500mL,was $4.50,$4.05,$0.81 per 100mL,https://foodlandbalaklava.com.au//lines/pace-peach-500ml
Foodland Balaklava,2025-05-04 23:58:58,Pacific West Crispy Prawn Platter,265g,N/A,$7.60,$1.09 per 100g,https://foodlandbalaklava.com.au//lines/p-west-prawn-platter-265g
Foodland Balaklava,2025-05-04 23:58:58,Pacific West Prawn Dumplings ',300m,N/A,$7.60,$2.53 per 100g,https://foodlandbalaklava.com.au//lines/p-west-dumpling-prawn-300g
Foodland Balaklava,2025-05-04 23:58:58,Packet Seed Alyssum,N/A,N/A,$3.60,N/A,https://foodlandbalaklava.com.au//lines/packet-seed-alyssum
Foodland Balaklava,2025-05-04 23:58:58,Packet Seed Beetroot 350 Seed,N/A,N/A,$3.60,N/A,https://foodlandbalaklava.com.au//lines/packet-seed-beetroot-350-seed
Foodland Balaklava,2025-05-04 23:58:58,Packet Seed Capsicum 100 Seed,N/A,N/A,$3.60,N/A,https://foodlandbalaklava.com.au//lines/packet-seed-capsicum-100-seed
Foodland Balaklava,2025-05-04 23:58:58,Packet Seed Carrot 1000 Seed,N/A,N/A,$3.60,N/A,https://foodlandbalaklava.com.au//lines/packet-seed-carrot-1000-seed
Foodland Balaklava,2025-05-04 23:58:58,Packet Seed Egg Plant 150 Seed,N/A,N/A,$3.60,N/A,https://foodlandbalaklava.com.au//lines/packet-seed-egg-plant-150-seed
Foodland Balaklava,2025-05-04 23:58:58,Packet Seed Kale Curled 300 Seed,N/A,N/A,$3.60,N/A,https://foodlandbalaklava.com.au//lines/packet-seed-kale-curled-300-seed
Foodland Balaklava,2025-05-04 23:58:58,Packet Seed Leek 500 Seed,N/A,N/A,$3.60,N/A,https://foodlandbalaklava.com.au//lines/packet-seed-leek-500-seed
Foodland Balaklava,2025-05-04 23:58:58,Packet Seed Lettuce 750 Seed,N/A,N/A,$3.60,N/A,https://foodlandbalaklava.com.au//lines/packet-seed-lettuce-750-seed
Foodland Balaklava,2025-05-04 23:58:58,Packet Seed Turnip Seed,N/A,N/A,$3.60,N/A,https://foodlandbalaklava.com.au//lines/packet-seed-turnip-seed
Foodland Balaklava,2025-05-04 23:58:58,Packet Seeds Cabbage Sugarloaf 5oo Seeds,N/A,N/A,$3.60,N/A,https://foodlandbalaklava.com.au//lines/packet-seeds-cabbage-sugarloaf-5oo-seeds
Foodland Balaklava,2025-05-04 23:58:58,Packet Seeds Californian Poppy 500,N/A,N/A,$3.60,N/A,https://foodlandbalaklava.com.au//lines/packet-seeds-californian-poppy-500
Foodland Balaklava,2025-05-04 23:58:58,Packet Seeds Dwarf Snp Bean,25g,N/A,$3.60,N/A,https://foodlandbalaklava.com.au//lines/packet-seeds-dwarf-snp-bean-25g-1
Foodland Balaklava,2025-05-04 23:58:58,Packet Seeds Dwf Pea Bl/​Bant,25g,N/A,$3.60,N/A,https://foodlandbalaklava.com.au//lines/packet-seeds-dwf-pea-bl-bant-25g
Foodland Balaklava,2025-05-04 23:58:58,Paddle Pop Ice Confection For A Delicious Source Of Calcium Chocolate Frozen Dessert Made With No Artificial Colours,544mL,N/A,$9.45,$1.74 per 100mL,https://foodlandbalaklava.com.au//lines/str-m-p-pad-pop-choc-8s
Foodland Balaklava,2025-05-04 23:58:58,Paddle Pop Ice Cream Banana Mp8,544mL,N/A,$9.45,$1.74 per 100mL,https://foodlandbalaklava.com.au//lines/str-m-p-pad-pop-banana-8s
Foodland Balaklava,2025-05-04 23:58:58,Palmer's Cocoa Butter Body Lotion,250mL,N/A,$9.45,$3.78 per 100mL,https://foodlandbalaklava.com.au//lines/palmers-ltn-cocoa-btr-250ml-1
Foodland Balaklava,2025-05-04 23:58:58,"Palmolive 3 In 1 Kids Bluey Body, Bath & Hair , Berrylicious",1L,was $12.60,$10.00,$1.00 per 100mL,https://foodlandbalaklava.com.au//lines/palm-3in1-kids-bdy-bth-hair-1l
Foodland Balaklava,2025-05-04 23:58:58,"Palmolive Antibacterial Liquid Hand Wash, 2 Hour Defence Orange, Pump",250mL,was $3.70,$3.10,$1.24 per 100mL,https://foodlandbalaklava.com.au//lines/palm-l-soap-a-bac-def-pmp250ml
Foodland Balaklava,2025-05-04 23:58:58,"Palmolive Antibacterial Liquid Hand Wash, White Tea, Pump",250mL,was $3.70,$3.10,$1.24 per 100mL,https://foodlandbalaklava.com.au//lines/palm-s-wsh-anti-bac-pump-250ml
Foodland Balaklava,2025-05-04 23:58:58,"Palmolive Antibacterial Liquid Hand Wash, White Tea, Refill",500mL,was $5.80,$4.50,$0.90 per 100mL,https://foodlandbalaklava.com.au//lines/palm-s-wsh-anti-bac-ref-500ml
Foodland Balaklava,2025-05-04 23:58:58,"Palmolive Bluey Kids Body Wash Foam, Cheeky Berry,",400mL,was $9.45,$7.00,$1.75 per 100mL,https://foodlandbalaklava.com.au//lines/palm-kids-foam-bdy-bath-400ml
Foodland Balaklava,2025-05-04 23:58:58,"Palmolive Body Butter Coconut & Jojoba Body Wash, , Exfoliating Scrub With Real Fruit Seeds",400mL,was $7.35,$5.00,$1.25 per 100mL,https://foodlandbalaklava.com.au//lines/palm-s-gel-coco-bdy-btr-400ml
Foodland Balaklava,2025-05-04 23:58:58,"Palmolive Foaming Hand Wash Soap Pump , Vanilla & Sweet Almond Pump",400mL,was $7.35,$5.00,$1.25 per 100mL,https://foodlandbalaklava.com.au//lines/palm-l-soap-foam-van-pmp-400ml
Foodland Balaklava,2025-05-04 23:58:58,"Palmolive Kids 3 In 1 Hypoallergenic Shampoo, Conditioner & Bodywash Happy Apple",350mL,was $6.30,$5.00,$1.43 per 100mL,https://foodlandbalaklava.com.au//lines/palm-3in1-kids-apple-350ml
Foodland Balaklava,2025-05-04 23:58:58,"Palmolive Kids Fashion Girl Hair Detangling Spray, , For Wet & Dry Hair, Trolls Poppy, Rose Kisses",250mL,N/A,$6.30,$2.52 per 100mL,https://foodlandbalaklava.com.au//lines/palm-fash-girl-detngl-sp-250ml
Foodland Balaklava,2025-05-04 23:58:58,Palmolive Liquid Handwash Antibacterial2 Hour Defence Orange Refill,1L,was $7.90,$7.20,$0.72 per 100mL,https://foodlandbalaklava.com.au//lines/palm-anti-bac-defence-ref-1l
Foodland Balaklava,2025-05-04 23:58:58,Palmolive Liquid Soap Aloe Vera Refill,500mL,was $5.80,$4.50,$0.90 per 100mL,https://foodlandbalaklava.com.au//lines/palm-s-wsh-aloe-vera-ref-500ml
Foodland Balaklava,2025-05-04 23:58:58,Palmolive Liquid Soap Pump Bottle Softwash,250mL,was $3.70,$3.10,$1.24 per 100mL,https://foodlandbalaklava.com.au//lines/palm-s-wsh-milk-hon-pmp250ml
Foodland Balaklava,2025-05-04 23:58:58,"Palmolive Luminous Oils Body Wash , Far North Queensland Frangipani & Coconut, Nourish & Glow",400mL,was $7.35,$4.65,$1.16 per 100mL,https://foodlandbalaklava.com.au//lines/palm-s-gel-l-oil-enrich-400ml
Foodland Balaklava,2025-05-04 23:58:58,"Palmolive Luminous Oils Body Wash , Northern Rivers Macadamia Oil & Peony, Nourish And Glow",400mL,was $7.35,$4.65,$1.16 per 100mL,https://foodlandbalaklava.com.au//lines/palm-s-gel-l-oil-invig-400ml
Foodland Balaklava,2025-05-04 23:58:58,Palmolive Luminous Oils Conditioner Moroccan Argan Oil And Camellia,700mL,was $10.50,$8.50,$1.21 per 100mL,https://foodlandbalaklava.com.au//lines/palm-cond-l-oil-arg-oil-700ml
Foodland Balaklava,2025-05-04 23:58:58,"Palmolive Luminous Oils Hair Conditioner, Northern New South Wales Frangipani & Coconut Oil, , Moisturise And Repair",700mL,N/A,$10.50,$1.50 per 100mL,https://foodlandbalaklava.com.au//lines/palm-cond-l-oil-coconut-700ml
Foodland Balaklava,2025-05-04 23:58:58,"Palmolive Luminous Oils Hair Shampoo, Northern New South Wales Frangipani & Coconut Oil, , Moisturise And Repair",700mL,N/A,$10.50,$1.50 per 100mL,https://foodlandbalaklava.com.au//lines/palm-s-poo-l-oil-coconut-700ml
Foodland Balaklava,2025-05-04 23:58:58,"Palmolive Luminous Oils Hand Wash, Northern New South Wales Frangipani & Coconut, Pump",500mL,was $8.40,$6.50,$1.30 per 100mL,https://foodlandbalaklava.com.au//lines/palm-lhw-l-oil-coconut-500ml
Foodland Balaklava,2025-05-04 23:58:58,"Palmolive Luminous Oils Hand Wash, Northern Rivers Macadamia Oil & Peony, Pump",500mL,was $8.40,$6.50,$1.30 per 100mL,https://foodlandbalaklava.com.au//lines/palm-l-soap-l-oil-maca-500ml
Foodland Balaklava,2025-05-04 23:58:58,Palmolive Luminous Oils Shampoo Moroccan Argan Oil And Camellia,700mL,was $10.50,$8.50,$1.21 per 100mL,https://foodlandbalaklava.com.au//lines/palm-s-poo-l-oil-arg-oil-700ml
Foodland Balaklava,2025-05-04 23:58:58,"Palmolive Men Rapid Shave Foam Sensitive, , Soothing Protection With Aloe Vera Extract",250g,N/A,$4.75,$1.90 per 100g,https://foodlandbalaklava.com.au//lines/palm-rapid-shv-sens-250gm
Foodland Balaklava,2025-05-04 23:58:58,Palmolive Naturals Active Nourishment Conditioner Aloe Vera,350mL,was $6.30,$5.00,$1.43 per 100mL,https://foodlandbalaklava.com.au//lines/palm-nat-cond-act-nour-350ml
Foodland Balaklava,2025-05-04 23:58:58,"Palmolive Naturals Bar Soap, 4 Pack X , Balanced & Mild With Natural Chamomile",4 x 90g,was $5.25,$4.50,$1.25 per 100g,https://foodlandbalaklava.com.au//lines/palm-nat-soap-white-4x90gm
Foodland Balaklava,2025-05-04 23:58:58,"Palmolive Naturals Bar Soap, 4 Pack X , Moisture Care With Natural Olive & Aloe Vera",4 x 90g,was $5.25,$4.50,$1.25 per 100g,https://foodlandbalaklava.com.au//lines/palm-nat-soap-green-4x90gm
Foodland Balaklava,2025-05-04 23:58:58,"Palmolive Naturals Body Wash , Pomegranate With Mango, Soap Free Shower Gel, No Parabens Or Phthalates",1L,was $12.60,$10.00,$1.00 per 100mL,https://foodlandbalaklava.com.au//lines/palm-nat-pom-mango-1l
Foodland Balaklava,2025-05-04 23:58:59,Palmolive Naturals Body Wash Milk & Honey Travel,100mL,N/A,$2.65,$2.65 per 100mL,https://foodlandbalaklava.com.au//lines/palm-nats-sgel-milk-hon-100ml
Foodland Balaklava,2025-05-04 23:58:59,"Palmolive Naturals Body Wash, , Anti-Stress With Ylang Ylang & Iris",500mL,was $7.90,$6.90,$1.38 per 100mL,https://foodlandbalaklava.com.au//lines/palm-s-gel-arma-astress-500ml
Foodland Balaklava,2025-05-04 23:58:59,"Palmolive Naturals Body Wash, , Sea Minerals With Seaweed And Sea Salt, No Parabens",1L,was $12.60,$10.00,$1.00 per 100mL,https://foodlandbalaklava.com.au//lines/palm-nat-soap-hydrating-1l
Foodland Balaklava,2025-05-04 23:58:59,"Palmolive Naturals Hair Conditioner, , Active Nourishment With Natural Aloe Vera Extract",700mL,was $9.45,$7.00,$1.00 per 100mL,https://foodlandbalaklava.com.au//lines/palm-nat-cond-active-700ml
Foodland Balaklava,2025-05-04 23:58:59,"Palmolive Naturals Hair Conditioner, , Intensive Moisture With Coconut Cream",700mL,was $9.45,$7.00,$1.00 per 100mL,https://foodlandbalaklava.com.au//lines/palm-nat-cond-int-moist-700ml
Foodland Balaklava,2025-05-04 23:58:59,"Palmolive Naturals Hair Shampoo, , Active Nourishment With Natural Aloe Vera Extract",350mL,was $6.30,$5.00,$1.43 per 100mL,https://foodlandbalaklava.com.au//lines/palm-nat-s-poo-active-350ml
Foodland Balaklava,2025-05-04 23:58:59,"Palmolive Naturals Hair Shampoo, , Intensive Moisture With Coconut Cream",700mL,was $9.45,$7.00,$1.00 per 100mL,https://foodlandbalaklava.com.au//lines/palm-nat-s-poo-int-moist-700ml
Foodland Balaklava,2025-05-04 23:58:59,"Palmolive Naturals Hair Shampoo, , Intensive Moisture With Coconut Cream, For Coarse Or Dry Hair",350mL,was $6.30,$5.00,$1.43 per 100mL,https://foodlandbalaklava.com.au//lines/palm-nat-s-poo-int-moist-350ml
Foodland Balaklava,2025-05-04 23:58:59,Palmolive Naturals Intensive Moisture Conditioner Coconut Cream,350mL,was $6.30,$5.00,$1.43 per 100mL,https://foodlandbalaklava.com.au//lines/palm-nat-cond-int-moist-350ml
Foodland Balaklava,2025-05-04 23:58:59,Palmolive Naturals Liquid Hand Soap Sea Minerals Pump,250mL,was $3.70,$3.10,$1.24 per 100mL,https://foodlandbalaklava.com.au//lines/palm-s-wsh-sea-minerl-pmp250ml
Foodland Balaklava,2025-05-04 23:58:59,"Palmolive Naturals Liquid Hand Wash, Aloe Vera & Chamomile, Pump",250mL,was $3.70,$3.10,$1.24 per 100mL,https://foodlandbalaklava.com.au//lines/palm-s-wsh-aloe-vera-pmp-250ml
Foodland Balaklava,2025-05-04 23:58:59,"Palmolive Naturals Liquid Hand Wash, Aloe Vera & Chamomile, Refill",1L,was $7.90,$7.20,$0.72 per 100mL,https://foodlandbalaklava.com.au//lines/palm-nat-h-wsh-aloe-refill-1l
Foodland Balaklava,2025-05-04 23:58:59,"Palmolive Naturals, Foaming Hand Wash, Cherry Blossom, Pump",250mL,was $4.20,$3.50,$1.40 per 100mL,https://foodlandbalaklava.com.au//lines/palm-l-s-pmp-foam-cherry-250ml
Foodland Balaklava,2025-05-04 23:58:59,"Palmolive Regular Dishwashing Liquid, , Original, Tough On Grease",750mL,was $5.05,$4.00,$0.53 per 100mL,https://foodlandbalaklava.com.au//lines/palm-d-wsh-orig-750ml
Foodland Balaklava,2025-05-04 23:58:59,Palmolive Shower Gel Shea Butter,500mL,was $7.90,$6.90,$1.38 per 100mL,https://foodlandbalaklava.com.au//lines/palm-s-gel-shea-butter-500ml
Foodland Balaklava,2025-05-04 23:58:59,"Palmolive Travel Minis Pack, Antibacterial Hand Sanitiser , Hair Shampoo & Conditioner 90ml, Body Wash 100ml",48mL,N/A,$9.45,N/A,https://foodlandbalaklava.com.au//lines/palmolive-travel-pack-multi-1s
Foodland Balaklava,2025-05-04 23:58:59,Palmolive Ultra Australian Extracts Dishwashing Liquid Davidson Plum Extract & Lemon Myrtle,750mL,was $7.90,$5.50,$0.73 per 100mL,https://foodlandbalaklava.com.au//lines/palm-d-wsh-ult-aus-lem-750ml
Foodland Balaklava,2025-05-04 23:58:59,"Palmolive Ultra Strength Concentrate Antibacterial Dishwashing Liquid, , With Lemon Extracts",950mL,was $8.95,$8.05,$0.85 per 100mL,https://foodlandbalaklava.com.au//lines/palm-d-wsh-ultra-a-b-lem-950ml
Foodland Balaklava,2025-05-04 23:58:59,"Palmolive Ultra Strength Concentrate Dishwashing Liquid, , Original",1.5L,was $13.15,$10.00,$0.67 per 100mL,https://foodlandbalaklava.com.au//lines/palm-d-wsh-ultra-orig-1-5l
Foodland Balaklava,2025-05-04 23:58:59,"Palmolive Ultra Strength Concentrate Dishwashing Liquid, , Original",950mL,was $8.95,$8.05,$0.85 per 100mL,https://foodlandbalaklava.com.au//lines/palm-d-wsh-ultra-orig-950ml
Foodland Balaklava,2025-05-04 23:58:59,Pampas Lemon Meringue Pies 4.​0x400g,N/A,N/A,$8.95,$2.24 per 100g,https://foodlandbalaklava.com.au//lines/pampas-pie-lem-mering-s-s400gm
Foodland Balaklava,2025-05-04 23:58:59,Pan Ebake Pizza 330x25,N/A,N/A,$11.55,N/A,https://foodlandbalaklava.com.au//lines/pan-ebake-pizza-330x25mm
Foodland Balaklava,2025-05-04 23:58:59,Pana Organic Salted Chocolate & Caramel Icecream,950mL,was $16.00,$15.00,$1.58 per 100mL,https://foodlandbalaklava.com.au//lines/pana-organic-slt-caramel-950ml
Foodland Balaklava,2025-05-04 23:58:59,Pana Organic Vanilla Bean Ice Cream,950mL,N/A,$16.00,$1.68 per 100mL,https://foodlandbalaklava.com.au//lines/pana-organic-vanilla-950ml
Foodland Balaklava,2025-05-04 23:58:59,Panadol Cap Cold Flu & Decongestant 500mg 16s,N/A,was $12.00,$9.80,$0.61 Each,https://foodlandbalaklava.com.au//lines/panadol-cold-flu-decongst-16s
Foodland Balaklava,2025-05-04 23:58:59,"Panadol Children Chewable Tablets 7+ Years, Cherry Flavour, 12 Tablets",N/A,was $7.10,$6.55,$0.55 Each,https://foodlandbalaklava.com.au//lines/panadol-tab-child-chewable-12s
Foodland Balaklava,2025-05-04 23:58:59,Panadol Extra Optizorb Paracetamol 500/​65mg 16 Caplets,N/A,was $6.70,$5.45,$0.34 Each,https://foodlandbalaklava.com.au//lines/panadol-caplet-extra-opti-16s
Foodland Balaklava,2025-05-04 23:58:59,Panadol Rapid For Pain Relief Paracetamol 500mg 8 Caplets,N/A,N/A,$3.15,$0.39 Each,https://foodlandbalaklava.com.au//lines/panadol-rapid-caplets-8s
Foodland Balaklava,2025-05-04 23:58:59,Panadol Rapid Soluble 500 Mg 16 Effervescent Tablets,N/A,N/A,$5.85,$0.37 Each,https://foodlandbalaklava.com.au//lines/panadol-rapid-soluble-tabs-16s
Foodland Balaklava,2025-05-04 23:58:59,Pandaroo Miso Frd Tofu #​12gm,N/A,N/A,$3.15,$26.25 per 100g,https://foodlandbalaklava.com.au//lines/pandaroo-miso-frd-tofu-12gm
Foodland Balaklava,2025-05-04 23:58:59,Pandaroo Sushi Ginger,200g,was $3.90,$3.60,$18.00 per kg,https://foodlandbalaklava.com.au//lines/pandaroo-sushi-ginger-200gm
Foodland Balaklava,2025-05-04 23:58:59,Pandaroo Vermicelli Rice,200g,was $2.85,$2.25,$1.12 per 100g,https://foodlandbalaklava.com.au//lines/pandaroo-vermicelli-rice-200gm
Foodland Balaklava,2025-05-04 23:58:59,Pandaroo Vietnamese Rice Paper Wrappers,150g,was $2.40,$2.35,$1.57 per 100g,https://foodlandbalaklava.com.au//lines/pandaroo-rice-paper-150gm
Foodland Balaklava,2025-05-04 23:58:59,Pantene Miracles Biotin Moisture Renewal Silicone-Free Shampoo,375mL,N/A,$13.65,$3.64 per 100mL,https://foodlandbalaklava.com.au//lines/pantene-s-poo-mir-bio-dm-375ml
Foodland Balaklava,2025-05-04 23:58:59,Pantene Miracles Collagen Repair & Protect Silicone-Free Shampoo,375mL,N/A,$13.65,$3.64 per 100mL,https://foodlandbalaklava.com.au//lines/pantene-s-poo-mir-clgr-p-375ml
Foodland Balaklava,2025-05-04 23:58:59,Pantene Miracles Conditioner Biotin Moisture Renewal,350mL,N/A,$13.65,$3.90 per 100mL,https://foodlandbalaklava.com.au//lines/pantene-cond-3mm-bio-dmr-350ml
Foodland Balaklava,2025-05-04 23:58:59,Pantene Miracles Conditioner Collagen Repair & Protect,350mL,N/A,$13.65,$3.90 per 100mL,https://foodlandbalaklava.com.au//lines/pantene-cond-3mm-col-r-p-350ml
Foodland Balaklava,2025-05-04 23:58:59,Pantene Miracles Conditioner Keratin Sleek & Smooth,350mL,N/A,$13.65,$3.90 per 100mL,https://foodlandbalaklava.com.au//lines/pantene-cond-3mm-ker-s-s-350ml
Foodland Balaklava,2025-05-04 23:58:59,Pantene Miracles Keratin Sleek & Smooth Silicone-Free Shampoo,375mL,N/A,$13.65,$3.64 per 100mL,https://foodlandbalaklava.com.au//lines/pantene-s-poo-mir-kr-s-s-375ml
Foodland Balaklava,2025-05-04 23:58:59,Pantene Pro-V Classic Clean Conditioner,900mL,N/A,$21.00,$2.33 per 100mL,https://foodlandbalaklava.com.au//lines/pantene-cond-clssic-care-900ml
Foodland Balaklava,2025-05-04 23:58:59,Pantene Pro-V Classic Clean Shampoo: Cleansing Shampoo For Hair,900mL,N/A,$21.00,$2.33 per 100mL,https://foodlandbalaklava.com.au//lines/pantene-s-poo-clssic-cln-900ml
Foodland Balaklava,2025-05-04 23:58:59,Pantene Pro-V Conditioner Daily Moisture Renewal,900mL,N/A,$21.00,$2.33 per 100mL,https://foodlandbalaklava.com.au//lines/pantene-cond-moist-rnwl-900ml
Foodland Balaklava,2025-05-04 23:58:59,Pantene Pro-V Conditioner Smooth & Sleek,900mL,N/A,$21.00,$2.33 per 100mL,https://foodlandbalaklava.com.au//lines/pantene-cond-alws-smth-900ml
Foodland Balaklava,2025-05-04 23:58:59,Pantene Pro-V Conditioner Ultimate 10 Repair & Protect,900mL,N/A,$21.00,$2.33 per 100mL,https://foodlandbalaklava.com.au//lines/pantene-cond-ultimate-10-900ml
Foodland Balaklava,2025-05-04 23:58:59,Pantene Pro-V Hair Treatment Detangler Instant Smooth,180mL,N/A,$15.00,$8.33 per 100mL,https://foodlandbalaklava.com.au//lines/pantene-detangl-mst-i-s-180ml
Foodland Balaklava,2025-05-04 23:58:59,Pantene Pro-V Miracle Oil Repair & Protect,90mL,N/A,$20.00,$22.22 per 100mL,https://foodlandbalaklava.com.au//lines/pantene-trt-prov-mir-oil-90ml
Foodland Balaklava,2025-05-04 23:58:59,Pantene Pro-V Shampoo Classic Clean,375mL,N/A,$10.00,$2.67 per 100mL,https://foodlandbalaklava.com.au//lines/pantene-s-poo-class-cln-375ml
Foodland Balaklava,2025-05-04 23:58:59,Pantene Pro-V Shampoo Daily Moisture Renewal,900mL,N/A,$21.00,$2.33 per 100mL,https://foodlandbalaklava.com.au//lines/pantene-s-poo-d-mst-rnw-900ml
Foodland Balaklava,2025-05-04 23:59:00,Pantene Pro-V Shampoo Smooth & Sleek,900mL,N/A,$21.00,$2.33 per 100mL,https://foodlandbalaklava.com.au//lines/pantene-s-poo-always-smt-900ml
Foodland Balaklava,2025-05-04 23:59:00,Pantene Pro-V Shampoo Ultimate 10 Repair & Protect,375mL,N/A,$10.00,$2.67 per 100mL,https://foodlandbalaklava.com.au//lines/pantene-s-poo-rp-p-ult10-375ml
Foodland Balaklava,2025-05-04 23:59:00,Pantene Pro-V Ultimate 10 Repair & Protect Shampoo: Stengthening Shampoo For Damaged Hair,900mL,N/A,$21.00,$2.33 per 100mL,https://foodlandbalaklava.com.au//lines/pantene-s-poo-ultmte-10-900ml
Foodland Balaklava,2025-05-04 23:59:00,Papa Joes Banana Bread,700g,was $8.50,$6.50,$0.93 per 100g,https://foodlandbalaklava.com.au//lines/papa-joes-brd-banana-700gm
Foodland Balaklava,2025-05-04 23:59:00,Papa Joes Bread Banana,500g,N/A,$6.85,$1.37 per 100g,https://foodlandbalaklava.com.au//lines/papa-joes-bread-banana-500gm
Foodland Balaklava,2025-05-04 23:59:00,Papa Joe’​S Chocolate Brownie Bread,5 x 500g,N/A,$6.85,$1.37 per 100g,https://foodlandbalaklava.com.au//lines/papa-joes-brd-choc-brwn-500gm
Foodland Balaklava,2025-05-04 23:59:00,Papa Joe’​S Mango & Coconut Bread,500g,N/A,$6.85,$1.37 per 100g,https://foodlandbalaklava.com.au//lines/papa-joes-brd-mngo-cnut-500gm
Foodland Balaklava,2025-05-04 23:59:00,Paper Mate Liquid Paper Correction Fluid - Pack Of 1,20mL,N/A,$2.89,N/A,https://foodlandbalaklava.com.au//lines/papermate-correcton-fluid-20ml
Foodland Balaklava,2025-05-04 23:59:00,"Paper Mate Profile 1.​0mm Ballpoint Pens, Black, 2 Count",N/A,N/A,$6.04,N/A,https://foodlandbalaklava.com.au//lines/papermate-pen-profile-blk-2pk-2
Foodland Balaklava,2025-05-04 23:59:00,Paper Mate Profile Retractable 1.​0mm Ballpoint Pen Blue - Pack Of 2,N/A,N/A,$6.04,N/A,https://foodlandbalaklava.com.au//lines/papermate-pen-profile-blu-2pk-2
Foodland Balaklava,2025-05-04 23:59:00,Paradise Cottage Cookies Choc Chip Indulgence,250g,N/A,$5.00,$2.00 per 100g,https://foodlandbalaklava.com.au//lines/p-dise-c-ckie-choc-chp-250gm
Foodland Balaklava,2025-05-04 23:59:00,Parker Pretzel Minis 8 Pack,200g,was $6.30,$3.00,$1.50 per 100g,https://foodlandbalaklava.com.au//lines/parkers-pretzel-minis-8p-200g
Foodland Balaklava,2025-05-04 23:59:00,Parsnips Pre Pack,350g,N/A,$5.80,$16.57 per kg,https://foodlandbalaklava.com.au//lines/parsnips-pre-pack-500g-1
Foodland Balaklava,2025-05-04 23:59:00,Party Invitations 10pk,N/A,N/A,$3.15,$0.32 Each,https://foodlandbalaklava.com.au//lines/party-invitations-10pk
Foodland Balaklava,2025-05-04 23:59:00,Party Moments 26cm Square Plates,N/A,was $4.55,$3.95,$0.40 Each,https://foodlandbalaklava.com.au//lines/pm-sugar-cane-square-plates-10pk-26cm
Foodland Balaklava,2025-05-04 23:59:00,Party Moments Assorted Wooden Cutlery,N/A,N/A,$2.30,$0.05 Each,https://foodlandbalaklava.com.au//lines/pm-wooden-assorted
Foodland Balaklava,2025-05-04 23:59:00,Party Moments Wooden Cuttlery,N/A,N/A,$4.60,$0.10 Each,https://foodlandbalaklava.com.au//lines/pm-wooden-assorted-48pc
Foodland Balaklava,2025-05-04 23:59:00,Party Star Acrylic Happy Birthday Cake Topper,N/A,N/A,$4.20,N/A,https://foodlandbalaklava.com.au//lines/p-star-acrylic-h-bday-c-topper
Foodland Balaklava,2025-05-04 23:59:00,Party Star Twist & Twirl Candle,N/A,N/A,$4.52,N/A,https://foodlandbalaklava.com.au//lines/p-star-twist-twirl-candle-12pk
Foodland Balaklava,2025-05-04 23:59:00,Partystar Taper Candles 12pk,N/A,was $8.40,$5.60,N/A,https://foodlandbalaklava.com.au//lines/p-star-taper-candles-12pk
Foodland Balaklava,2025-05-04 23:59:00,Pascall Explorers Lollies,150g,was $5.25,$4.65,$3.10 per 100g,https://foodlandbalaklava.com.au//lines/pas-explorers-150gm
Foodland Balaklava,2025-05-04 23:59:00,Pascall Party Pack Lollies,180g,was $5.25,$4.65,$2.58 per 100g,https://foodlandbalaklava.com.au//lines/pas-party-pack-180gm
Foodland Balaklava,2025-05-04 23:59:00,Pascall Wine Gums,220g,was $5.25,$4.65,$2.11 per 100g,https://foodlandbalaklava.com.au//lines/pas-wine-gums-220gm
Foodland Balaklava,2025-05-04 23:59:00,Passage To India Balinese Curry,375g,was $6.60,$5.55,$1.48 per 100g,https://foodlandbalaklava.com.au//lines/passage-india-bali-curry-375g
Foodland Balaklava,2025-05-04 23:59:00,Passage To India Butter Chicken Simmer Sauce,375g,was $6.60,$5.55,$1.48 per 100g,https://foodlandbalaklava.com.au//lines/passage-india-bttr-chkn-375gm
Foodland Balaklava,2025-05-04 23:59:00,Passage To India Korma Simmer Sauce,375g,was $6.60,$5.55,$1.48 per 100g,https://foodlandbalaklava.com.au//lines/passage-india-korma-simmr375gm
Foodland Balaklava,2025-05-04 23:59:00,Passage To India Rogan Josh Simmer Sauce,375g,was $6.60,$5.55,$1.48 per 100g,https://foodlandbalaklava.com.au//lines/passage-india-rogan-josh-375gm
Foodland Balaklava,2025-05-04 23:59:00,Passage To India Tikka Masala,375g,was $6.60,$5.55,$1.48 per 100g,https://foodlandbalaklava.com.au//lines/passage-india-tikka-masal375gm
Foodland Balaklava,2025-05-04 23:59:00,Passage To Indonesia Satay Chicken,200g,N/A,$4.00,$2.00 per 100g,https://foodlandbalaklava.com.au//lines/passage-ind-s-fry-sat-ch-200gm
Foodland Balaklava,2025-05-04 23:59:00,Passage To Sri Lanka Sri Lankan Chicken Curry,375g,was $6.60,$5.55,$1.48 per 100g,https://foodlandbalaklava.com.au//lines/passage-s-lanka-chic-cry-375g
Foodland Balaklava,2025-05-04 23:59:00,Passionfruit,N/A,N/A,$2.25,N/A,https://foodlandbalaklava.com.au//lines/passionfruit
Foodland Balaklava,2025-05-04 23:59:00,Patak's Butter Chicken Spicy,450g,N/A,$6.10,$1.36 per 100g,https://foodlandbalaklava.com.au//lines/pataks-sim-sce-but-chk-spc-450gm
Foodland Balaklava,2025-05-04 23:59:00,Patak's Korma Sauce,450g,N/A,$6.10,$1.36 per 100g,https://foodlandbalaklava.com.au//lines/pataks-sim-sce-korma-mild-450gm
Foodland Balaklava,2025-05-04 23:59:00,Patak's Madras Paste,283g,was $8.20,$7.70,$2.72 per 100g,https://foodlandbalaklava.com.au//lines/pataks-curry-pste-madras-283gm
Foodland Balaklava,2025-05-04 23:59:00,Patak's Mango Chicken Sauce,450g,N/A,$6.10,$1.36 per 100g,https://foodlandbalaklava.com.au//lines/pataks-sim-sce-mango-chckn-450gm
Foodland Balaklava,2025-05-04 23:59:00,Patak's Pappadums Assorted 10 Pack,100g,N/A,$4.60,$4.60 per 100g,https://foodlandbalaklava.com.au//lines/pataks-pappadums-asstd-100gm
Foodland Balaklava,2025-05-04 23:59:00,Patak's Rogan Josh Paste,283g,was $8.20,$7.70,$2.66 per 100g,https://foodlandbalaklava.com.au//lines/pataks-curry-pste-rgn-jsh283gm
Foodland Balaklava,2025-05-04 23:59:00,Patak's Tandoori Paste Marinade,295g,was $8.20,$7.70,$2.66 per 100g,https://foodlandbalaklava.com.au//lines/pataks-curry-pste-tndori-295gm
Foodland Balaklava,2025-05-04 23:59:00,Patak's Tikka Masala Sauce,450g,N/A,$6.10,$1.36 per 100g,https://foodlandbalaklava.com.au//lines/pataks-sim-sce-tikka-masla-450gm
Foodland Balaklava,2025-05-04 23:59:00,Patak's Vindaloo Paste,283g,was $8.20,$7.70,$2.66 per 100g,https://foodlandbalaklava.com.au//lines/patak-pste-vindaloo-283g
Foodland Balaklava,2025-05-04 23:59:00,Patritti Dark Grape Juice,1L,N/A,$7.99,$0.80 per 100mL,https://foodlandbalaklava.com.au//lines/pw-still-grape-juice-1l
Foodland Balaklava,2025-05-04 23:59:00,Patritti Sparkling Grape Juice,750mL,N/A,$8.00,$10.67 per L,https://foodlandbalaklava.com.au//lines/pw-sparkling-white-grape-750ml
Foodland Balaklava,2025-05-04 23:59:00,Patties Spinach & Feta Party Quiche 12pk,550g,N/A,$9.50,$1.73 per 100g,https://foodlandbalaklava.com.au//lines/patties-quiche-spin-feta-550gm
Foodland Balaklava,2025-05-04 23:59:00,Pauls Chocolate Custard Pouch,140g,was $2.50,$2.20,$1.57 per 100g,https://foodlandbalaklava.com.au//lines/pauls-cust-choc-140gm
Foodland Balaklava,2025-05-04 23:59:00,Pauls Farmhouse Gold Milk Cream On Top,1.5L,N/A,$4.74,$3.16 per L,https://foodlandbalaklava.com.au//lines/pauls-milk-f-hs-gold-u-hom1-5l
Foodland Balaklava,2025-05-04 23:59:00,Pauls Full Cream Milk,2L,was $6.00,$4.70,$2.35 per L,https://foodlandbalaklava.com.au//lines/pauls-milk-white-2l
Foodland Balaklava,2025-05-04 23:59:00,Pauls Full Cream Milk,3L,was $8.20,$5.95,$1.98 per L,https://foodlandbalaklava.com.au//lines/pauls-milk-whole-3l
Foodland Balaklava,2025-05-04 23:59:00,Pauls Kids Chocolate Custard Pouch,70g,was $2.00,$1.50,$2.14 per 100g,https://foodlandbalaklava.com.au//lines/pauls-custard-chocolate-70gm
Foodland Balaklava,2025-05-04 23:59:01,Pauls Low Fat Less Sugar Vanilla Custard,600g,N/A,$4.20,$0.70 per 100g,https://foodlandbalaklava.com.au//lines/pauls-custard-van-l-fat-600gm
Foodland Balaklava,2025-05-04 23:59:01,Pauls Milky Max Dairy Snack Chocolate,12 x 100g,N/A,$8.40,$0.70 per 100g,https://foodlandbalaklava.com.au//lines/pauls-milky-max-choc-12x100gm
Foodland Balaklava,2025-05-04 23:59:01,Pauls Plus Prot Van,160g,was $3.05,$1.70,$1.06 per 100g,https://foodlandbalaklava.com.au//lines/pauls-plus-prot-van-160g
Foodland Balaklava,2025-05-04 23:59:01,Pauls Plus+ Protein Banana & Honey,400mL,N/A,$4.20,$10.50 per L,https://foodlandbalaklava.com.au//lines/pauls-milk-plus-ban-hny-400ml
Foodland Balaklava,2025-05-04 23:59:01,Pauls Plus+ Protein Chocolate,400mL,N/A,$4.20,$10.50 per L,https://foodlandbalaklava.com.au//lines/pauls-milk-plus-choc-400ml
Foodland Balaklava,2025-05-04 23:59:01,Pauls Smarter White Milk,3L,was $7.00,$6.60,$2.20 per L,https://foodlandbalaklava.com.au//lines/pauls-smarter-white-3l
Foodland Balaklava,2025-05-04 23:59:01,Pauls Zymil Cooking Cream Light,300mL,N/A,$4.30,$1.43 per 100mL,https://foodlandbalaklava.com.au//lines/pauls-crm-zymil-lt-thick-300ml
Foodland Balaklava,2025-05-04 23:59:01,Pauls Zymil Full Cream Milk,1L,N/A,$4.35,$4.35 per L,https://foodlandbalaklava.com.au//lines/pauls-milk-zymil-full-fat-1l
Foodland Balaklava,2025-05-04 23:59:01,Pauls Zymil Full Cream Milk,2L,N/A,$6.80,$3.40 per L,https://foodlandbalaklava.com.au//lines/pauls-milk-zymil-f-crm-2l
Foodland Balaklava,2025-05-04 23:59:01,Pauls Zymil Lactose Free Coffee Flavoured Milk,400mL,was $4.00,$3.80,$9.50 per L,https://foodlandbalaklava.com.au//lines/pauls-milk-zymil-coffee-400ml
Foodland Balaklava,2025-05-04 23:59:01,Pauls Zymil Longlife Full Cream Milk,1L,N/A,$3.00,$3.00 per L,https://foodlandbalaklava.com.au//lines/pauls-milk-zymil-f-crm-uht-1l
Foodland Balaklava,2025-05-04 23:59:01,Pauls Zymil Low Fat Milk,1L,N/A,$4.35,$4.35 per L,https://foodlandbalaklava.com.au//lines/pauls-milk-zymil-l-fat-1l
Foodland Balaklava,2025-05-04 23:59:01,Pauls Zymil Thickened Cream,300mL,N/A,$4.30,$1.43 per 100mL,https://foodlandbalaklava.com.au//lines/pauls-zymil-crm-thickened300ml
Foodland Balaklava,2025-05-04 23:59:01,Pavillion Beef & Cheese Pies,360g,N/A,$12.50,$3.47 per 100g,https://foodlandbalaklava.com.au//lines/pavillion-gf-bf-cheese-pies-360g
Foodland Balaklava,2025-05-04 23:59:01,Pavillion Gluten Free Beef & Gravy Pie,360g,N/A,$12.50,$3.47 per 100g,https://foodlandbalaklava.com.au//lines/pavillion-gf-beef-pies-360g
Foodland Balaklava,2025-05-04 23:59:01,Pavone Bigne Small Profiteroles,100g,N/A,$6.50,$6.50 per 100g,https://foodlandbalaklava.com.au//lines/bigne-cream-puff-cases100g
Foodland Balaklava,2025-05-04 23:59:01,Paw Grocer A/​D Strp Chic,100g,N/A,$8.30,$8.30 per 100g,https://foodlandbalaklava.com.au//lines/paw-grocer-a-d-strp-chic-100g
Foodland Balaklava,2025-05-04 23:59:01,Paw Grocer A/​D Strp Kang,100g,N/A,$8.30,$8.30 per 100g,https://foodlandbalaklava.com.au//lines/paw-grocer-a-d-strp-kang-100g
Foodland Balaklava,2025-05-04 23:59:01,Paw Patrol,N/A,N/A,$13.99,N/A,https://foodlandbalaklava.com.au//lines/paw-patrol-3
Foodland Balaklava,2025-05-04 23:59:01,Pbco Choc Chips 98% S/​Free,220g,N/A,$14.99,$6.81 per 100g,https://foodlandbalaklava.com.au//lines/pbco-choc-chips-98-s-free-220g
Foodland Balaklava,2025-05-04 23:59:01,Pc Apricots Turkish,500g,N/A,$12.00,$2.40 per 100g,https://foodlandbalaklava.com.au//lines/pc-apricots-turkish-500g
Foodland Balaklava,2025-05-04 23:59:01,Pc Chickpea Chips Sw/​Ch Lime,100g,N/A,$3.00,$3.00 per 100g,https://foodlandbalaklava.com.au//lines/pc-chickpea-chips-sw-ch-lime-100g
Foodland Balaklava,2025-05-04 23:59:01,Pc Corn Chips Chilli Lime Gf,400g,N/A,$8.50,$2.12 per 100g,https://foodlandbalaklava.com.au//lines/pc-corn-chips-chilli-lime-gf-400g
Foodland Balaklava,2025-05-04 23:59:01,Pc Executive Mix,200g,N/A,$6.80,$3.40 per 100g,https://foodlandbalaklava.com.au//lines/pc-executive-mix-200g
Foodland Balaklava,2025-05-04 23:59:01,Pc Executive Mix,400g,N/A,$12.20,$3.05 per 100g,https://foodlandbalaklava.com.au//lines/pc-executive-mix-400g
Foodland Balaklava,2025-05-04 23:59:01,Pc Macadamias Raw,200g,N/A,$12.00,$6.00 per 100g,https://foodlandbalaklava.com.au//lines/pc-macadamias-raw-200g
Foodland Balaklava,2025-05-04 23:59:01,Pc Peanuts Galore Mix,250g,N/A,$5.00,$2.00 per 100g,https://foodlandbalaklava.com.au//lines/pc-peanuts-galore-mix-250g
Foodland Balaklava,2025-05-04 23:59:01,Pc Peanuts Glazed,350g,N/A,$6.80,$1.94 per 100g,https://foodlandbalaklava.com.au//lines/pc-peanuts-glazed-350g
Foodland Balaklava,2025-05-04 23:59:01,Pc Peanuts In Shell,300g,N/A,$4.20,$1.40 per 100g,https://foodlandbalaklava.com.au//lines/pc-peanuts-in-shell-300g
Foodland Balaklava,2025-05-04 23:59:01,Pc Peanuts Sugared,350g,N/A,$6.80,$1.94 per 100g,https://foodlandbalaklava.com.au//lines/pc-peanuts-sugared-350g
Foodland Balaklava,2025-05-04 23:59:01,Pc Rstd Fruit & Nut Mix,250g,N/A,$5.50,$2.75 per 100g,https://foodlandbalaklava.com.au//lines/pc-rstd-fruit-nut-mix-250g
Foodland Balaklava,2025-05-04 23:59:01,Pea Beu Insect Killer Spray Fast Killing Aerosol Lemon,350g,was $6.50,$5.95,$1.70 per 100g,https://foodlandbalaklava.com.au//lines/pea-beu-fly-ins-kill-lmn-350gm
Foodland Balaklava,2025-05-04 23:59:01,Pea Beu Odourless Insect Killer Spray Fast Killing Aerosol,250g,N/A,$5.70,$2.28 per 100g,https://foodlandbalaklava.com.au//lines/pea-beu-aero-odourless-250gm
Foodland Balaklava,2025-05-04 23:59:01,Pea Beu Odourless Insect Killer Spray Fast Killing Aerosol,350g,was $6.50,$5.95,$1.70 per 100g,https://foodlandbalaklava.com.au//lines/pea-beu-fly-ins-kill-o-les350g
Foodland Balaklava,2025-05-04 23:59:01,Pearl Delights 4 In 1 Asst84gm,N/A,was $3.49,$3.10,$3.69 per 100g,https://foodlandbalaklava.com.au//lines/pearl-delights-4-in-1-asst84gm
Foodland Balaklava,2025-05-04 23:59:01,Pears Pre-Packed,1kg,N/A,$5.65,$5.65 per kg,https://foodlandbalaklava.com.au//lines/pears-pre-packed-1kg
Foodland Balaklava,2025-05-04 23:59:01,Pears Pure & Gentle Soap,125g,was $3.15,$2.25,$1.80 per 100g,https://foodlandbalaklava.com.au//lines/pears-t-soap-trans-bath-125gm
Foodland Balaklava,2025-05-04 23:59:01,Pears Red Per Kg,N/A,N/A,$5.20,N/A,https://foodlandbalaklava.com.au//lines/pears-red-per-kg-1
Foodland Balaklava,2025-05-04 23:59:01,Pear’​S Natural Aloe Vera Soap,125g,was $3.15,$2.90,$2.32 per 100g,https://foodlandbalaklava.com.au//lines/pears-soap-nat-aloe-vera-125gm
Foodland Balaklava,2025-05-04 23:59:01,Peas Sugar Snap P/​P,150g,N/A,$6.50,$43.33 per kg,https://foodlandbalaklava.com.au//lines/peas-sugar-snap-p-p-150g
Foodland Balaklava,2025-05-04 23:59:01,Peck's Anchovette Tasty Spread,50g,N/A,$3.70,$7.40 per 100g,https://foodlandbalaklava.com.au//lines/pecks-sprd-anchovette-50gm
Foodland Balaklava,2025-05-04 23:59:01,Peck's Chicken & Ham Tasty Spread,125g,N/A,$5.80,$4.64 per 100g,https://foodlandbalaklava.com.au//lines/pecks-sprd-chicken-ham-125gm
Foodland Balaklava,2025-05-04 23:59:01,Peck's Devilled Ham Tasty Spread,125g,N/A,$5.80,$4.64 per 100g,https://foodlandbalaklava.com.au//lines/pecks-sprd-devill-ham-125gm
Foodland Balaklava,2025-05-04 23:59:01,Peck's Salmon & Lobster Tasty Spread,125g,N/A,$5.80,$4.64 per 100g,https://foodlandbalaklava.com.au//lines/pecks-sprd-salm-lobst-125gm
Foodland Balaklava,2025-05-04 23:59:01,Peckish Fancies Premium Rice Crackers Parmesan & Herbs,90g,N/A,$3.10,$3.10 per 100g,https://foodlandbalaklava.com.au//lines/pe-r-c-parmesan-herb-90gm
Foodland Balaklava,2025-05-04 23:59:01,Peckish Garden Vegetable Rice Crackers,90g,N/A,$3.00,$3.33 per 100g,https://foodlandbalaklava.com.au//lines/peckish-rc-garden-veg-90g
Foodland Balaklava,2025-05-04 23:59:01,Peckish Peckables Cheese & Bacon,100g,N/A,$3.10,$3.10 per 100g,https://foodlandbalaklava.com.au//lines/peckables-cheese-bacon-100g
Foodland Balaklava,2025-05-04 23:59:01,Peckish Peckables Honey Soy Chicken,100g,N/A,$3.10,$3.10 per 100g,https://foodlandbalaklava.com.au//lines/peckables-honey-soy-chkn-100g
Foodland Balaklava,2025-05-04 23:59:02,Peckish Peckables Salt & Vinegar,100g,N/A,$3.10,$3.10 per 100g,https://foodlandbalaklava.com.au//lines/peckables-salt-vinegar-100g
Foodland Balaklava,2025-05-04 23:59:02,Peckish Peckables Sour Cream & Chives,100g,N/A,$3.10,$3.10 per 100g,https://foodlandbalaklava.com.au//lines/peckables-sour-crm-chv-100g
Foodland Balaklava,2025-05-04 23:59:02,Peckish Rice Crackers Sweet Chilli,90g,N/A,$2.70,$3.00 per 100g,https://foodlandbalaklava.com.au//lines/peckish-rc-sweet-chilli-90g
Foodland Balaklava,2025-05-04 23:59:02,Peckish Rosemary & Sea Salt Fancies,90g,N/A,$3.20,$3.56 per 100g,https://foodlandbalaklava.com.au//lines/peckish-rc-rosemary-s-slt-90g
Foodland Balaklava,2025-05-04 23:59:02,Peculiar Pick Limes,400g,was $9.00,$4.50,$11.25 per kg,https://foodlandbalaklava.com.au//lines/peculiar-pick-limes-400g
Foodland Balaklava,2025-05-04 23:59:02,Peculiar Pick Washed Potato,2kg,was $5.70,$4.95,N/A,https://foodlandbalaklava.com.au//lines/peculiar-pick-washed-potato-2kg
Foodland Balaklava,2025-05-04 23:59:02,Pedigree Adult 7+ Dry Dog Food With Real Turkey Bag,3kg,N/A,$15.00,$0.50 per 100g,https://foodlandbalaklava.com.au//lines/pedigr-adult-7-turkey-3kg
Foodland Balaklava,2025-05-04 23:59:02,Pedigree Adult Dry Dog Food With Real Beef Bag,3kg,N/A,$15.00,$0.50 per 100g,https://foodlandbalaklava.com.au//lines/pedigr-m-bite-beef-3kg
Foodland Balaklava,2025-05-04 23:59:02,Pedigree Adult Dry Dog Food With Real Beef Bag,8kg,was $35.70,$25.50,$0.32 per 100g,https://foodlandbalaklava.com.au//lines/pedigr-m-bite-beef-8kg
Foodland Balaklava,2025-05-04 23:59:02,Pedigree Adult Dry Dog Food With Real Chicken Bag,3kg,N/A,$15.00,$0.50 per 100g,https://foodlandbalaklava.com.au//lines/pedigr-adult-w-chkn-3kg
Foodland Balaklava,2025-05-04 23:59:02,Pedigree Core Five Meats,700g,N/A,$3.50,$0.50 per 100g,https://foodlandbalaklava.com.au//lines/pedigr-five-kinds-of-meat700gm
Foodland Balaklava,2025-05-04 23:59:02,Pedigree Dentastix Chewy Chunx Maxi Smoky Chicken Flavour Small Dog Treat Dental Chew,68g,N/A,$4.50,$6.62 per 100g,https://foodlandbalaklava.com.au//lines/pedigr-dentastix-chunx-min68gm
Foodland Balaklava,2025-05-04 23:59:02,Pedigree Dentastix Daily Oral Care Medium Dog Treat Triple Action Dental Chew 56 Sticks Box,N/A,was $44.65,$34.00,$0.61 Each,https://foodlandbalaklava.com.au//lines/pedigr-dentastix-medium-180gm
Foodland Balaklava,2025-05-04 23:59:02,Pedigree Dentastix Large/​Giant Dog,270g,N/A,$7.00,$2.59 per 100g,https://foodlandbalaklava.com.au//lines/pedigr-dentastix-lge-7stk270gm
Foodland Balaklava,2025-05-04 23:59:02,Pedigree Dentastix Medium Dental Daily Dog Treats 7 Sticks,180g,N/A,$7.00,$3.89 per 100g,https://foodlandbalaklava.com.au//lines/pedigr-dentastix-19100-180g
Foodland Balaklava,2025-05-04 23:59:02,Pedigree Dentastix Small Dental Daily Dog Treats 7 Sticks,110g,N/A,$7.00,$6.36 per 100g,https://foodlandbalaklava.com.au//lines/pedigr-dentastix-small-7pce
Foodland Balaklava,2025-05-04 23:59:02,Pedigree Dentastix Small Dog Daily Oral Care Dental Treats 28 Sticks,N/A,N/A,$24.00,$5.45 per 100g,https://foodlandbalaklava.com.au//lines/pedigr-dentastix-small-28stks
Foodland Balaklava,2025-05-04 23:59:02,Pedigree Large Breed Dry Dog Food With Real Beef Bag,8kg,was $35.70,$25.50,$0.32 per 100g,https://foodlandbalaklava.com.au//lines/pedigr-beef-large-breed-8kg
Foodland Balaklava,2025-05-04 23:59:02,Pedigree Small Breed Adult Dry Dog Food Real Beef & Vegies,2.5kg,N/A,$15.00,$0.60 per 100g,https://foodlandbalaklava.com.au//lines/pedigr-m-bite-mini-bf-vg-2-5kg
Foodland Balaklava,2025-05-04 23:59:02,Pedigree Small Breed Adult With Real Chicken Dry Dog Food,2.5kg,N/A,$15.00,$0.60 per 100g,https://foodlandbalaklava.com.au//lines/pedigr-chick-breed-sml-2-5kg
Foodland Balaklava,2025-05-04 23:59:02,Pendleton Australian Extra Virgin Olive Oil,375mL,N/A,$13.00,$3.47 per 100mL,https://foodlandbalaklava.com.au//lines/pendleton-classic-ev-o-oil-375ml
Foodland Balaklava,2025-05-04 23:59:02,Pendleton Mild Extra Virgin Olive Oil,375mL,N/A,$13.00,$3.47 per 100mL,https://foodlandbalaklava.com.au//lines/pendleton-mild-ev-o-oil-375ml
Foodland Balaklava,2025-05-04 23:59:02,Penfield Beetroot Sliced,710g,N/A,$6.00,$0.85 per 100g,https://foodlandbalaklava.com.au//lines/penfield-beetroot-sliced-710g
Foodland Balaklava,2025-05-04 23:59:02,Penfield C/​Grl Grn Olive Pit,270g,N/A,$5.00,$1.85 per 100g,https://foodlandbalaklava.com.au//lines/penfield-c-grl-grn-olive-pit-270g
Foodland Balaklava,2025-05-04 23:59:02,Penfield Extra Virgin Olive Oil,500mL,was $21.55,$17.50,$3.50 per 100mL,https://foodlandbalaklava.com.au//lines/p-field-ex-virg-olive-oil-500ml
Foodland Balaklava,2025-05-04 23:59:02,Penfield Food Co Apple Cider Vinegar,2L,N/A,$6.00,$3.00 per L,https://foodlandbalaklava.com.au//lines/penfield-app-cider-vinegar-2l
Foodland Balaklava,2025-05-04 23:59:02,Penfield Food Co Garlic Stuffed Green Olives,240g,N/A,$4.00,$1.67 per 100g,https://foodlandbalaklava.com.au//lines/p-field-grn-olives-garlic-240g
Foodland Balaklava,2025-05-04 23:59:02,Penfield Food Co Jalapeñ​o Stuffed Green Olives,240g,N/A,$4.20,$1.75 per 100g,https://foodlandbalaklava.com.au//lines/p-field-green-olives-stufd-jalapeno-240g
Foodland Balaklava,2025-05-04 23:59:02,Penfield Food Co Red Wine Vinegar,400mL,N/A,$2.29,$0.57 per 100g,https://foodlandbalaklava.com.au//lines/penfield-red-wine-vinegar-400ml
Foodland Balaklava,2025-05-04 23:59:02,Penfield Food Co White Wine Vinegar,2L,N/A,$5.99,$3.00 per L,https://foodlandbalaklava.com.au//lines/p-field-white-wine-vinegar-2lt
Foodland Balaklava,2025-05-04 23:59:02,Penfield Food Company White Wine Vinegar,400mL,N/A,$2.29,$0.57 per 100mL,https://foodlandbalaklava.com.au//lines/p-field-white-wine-vinegar-400ml
Foodland Balaklava,2025-05-04 23:59:02,Penfield Foods Pitted Kalamata Olives,750g,was $11.25,$8.25,$1.10 per 100g,https://foodlandbalaklava.com.au//lines/p-field-kalamata-olive-pitted-750g
Foodland Balaklava,2025-05-04 23:59:02,Penfield Foods White Vinegar,400mL,N/A,$2.10,$0.52 per 100mL,https://foodlandbalaklava.com.au//lines/penfield-white-wine-vinegar-400ml
Foodland Balaklava,2025-05-04 23:59:02,Penfield Marinated Green Stuffed Olives,190g,N/A,$3.99,$2.10 per 100g,https://foodlandbalaklava.com.au//lines/penfield-marinated-green-stuffed-190gm
Foodland Balaklava,2025-05-04 23:59:02,Penfield Oil Blend Clasc,750mL,was $9.40,$6.50,$0.87 per 100mL,https://foodlandbalaklava.com.au//lines/penfield-blended-classic-oil-750g
Foodland Balaklava,2025-05-04 23:59:02,Penfield Olive Green Ptd,250g,N/A,$4.15,$1.66 per 100g,https://foodlandbalaklava.com.au//lines/p-field-green-pitted-olives-250g
Foodland Balaklava,2025-05-04 23:59:02,Penfield Olive Klmta Hlf,250g,N/A,$4.45,$1.78 per 100g,https://foodlandbalaklava.com.au//lines/p-field-kalved-k-mata-olive-250g
Foodland Balaklava,2025-05-04 23:59:02,Penfield Olive Oil Ex/​Vrg250ml,N/A,was $12.30,$9.70,$3.88 per 100mL,https://foodlandbalaklava.com.au//lines/penfield-extra-virgin-olive-oil-250g
Foodland Balaklava,2025-05-04 23:59:02,Penfield Olive Oil Trad,750mL,was $20.00,$14.00,$1.87 per 100mL,https://foodlandbalaklava.com.au//lines/p-field-pure-olve-oil-750ml
Foodland Balaklava,2025-05-04 23:59:02,Penfield Olives Aussie Mix Whole Olives,250g,N/A,$3.99,$1.60 per 100g,https://foodlandbalaklava.com.au//lines/p-field-aus-mix-whole-olives-250g
Foodland Balaklava,2025-05-04 23:59:02,Penfield Olives Blended Classic Oil,3L,N/A,$35.00,$11.67 per L,https://foodlandbalaklava.com.au//lines/p-field-blended-classic-oil-3lt
Foodland Balaklava,2025-05-04 23:59:02,Penfield Olives Kalamata Olives,250g,N/A,$3.99,$1.60 per 100g,https://foodlandbalaklava.com.au//lines/p-field-whole-k-mata-olive-pips-250g
Foodland Balaklava,2025-05-04 23:59:02,Penfield Olives Klmta Ptd190gm,N/A,N/A,$4.55,$2.39 per 100g,https://foodlandbalaklava.com.au//lines/p-field-aust-kalamata-olives-whole-190gm-1
Foodland Balaklava,2025-05-04 23:59:02,Penfield Olives Mix Pttd,190g,N/A,$4.55,$2.39 per 100g,https://foodlandbalaklava.com.au//lines/penfield-marinated-aus-mix-pitted-190gm
Foodland Balaklava,2025-05-04 23:59:02,Penfield Olives Whole Kalamata Olives,750g,was $8.99,$7.60,$20.00 per kg,https://foodlandbalaklava.com.au//lines/p-field-kalamata-olive-whole-750g
Foodland Balaklava,2025-05-04 23:59:02,Penfield Pitted Olive Mix,250g,N/A,$3.99,$1.60 per 100g,https://foodlandbalaklava.com.au//lines/p-field-aussiemix-pitted-olive-250g
Foodland Balaklava,2025-05-04 23:59:02,Penfield S/​Drd Tomato Hlv,300g,N/A,$5.60,$1.87 per 100g,https://foodlandbalaklava.com.au//lines/penfield-s-drd-tomato-hlv-300g
Foodland Balaklava,2025-05-04 23:59:02,Penfield Tomato Mrntd,190g,N/A,$4.55,$2.39 per 100g,https://foodlandbalaklava.com.au//lines/penfield-mrn-ready-to-eat-tomatoes-190gm
Foodland Balaklava,2025-05-04 23:59:03,Peoples Friend Double Issue,N/A,N/A,$9.90,N/A,https://foodlandbalaklava.com.au//lines/peoples-friend-double-issue-2
Foodland Balaklava,2025-05-04 23:59:03,Peoples Friend Special,N/A,N/A,$11.99,N/A,https://foodlandbalaklava.com.au//lines/peoples-friend-special-2
Foodland Balaklava,2025-05-04 23:59:03,People’​S Friend Magazine,N/A,N/A,$6.90,N/A,https://foodlandbalaklava.com.au//lines/peoples-friend-6
Foodland Balaklava,2025-05-04 23:59:03,Peppa Pig Play Pack,N/A,N/A,$15.99,N/A,https://foodlandbalaklava.com.au//lines/peppa-pig-bag-o-fun-3
Foodland Balaklava,2025-05-04 23:59:03,Pepsi Cola Soft Drink Bottle,1.25L,was $3.70,$3.20,$2.56 per L,https://foodlandbalaklava.com.au//lines/pepsi-cola-1-25l
Foodland Balaklava,2025-05-04 23:59:03,Pepsi Cola Soft Drink Bottle,2L,N/A,$3.80,$1.90 per L,https://foodlandbalaklava.com.au//lines/pepsi-cola-2l
Foodland Balaklava,2025-05-04 23:59:03,Pepsi Cola Soft Drink Cans Multipack,10 x 375mL,N/A,$19.00,$5.07 per L,https://foodlandbalaklava.com.au//lines/pepsi-cola-10x375ml
Foodland Balaklava,2025-05-04 23:59:03,Pepsi Cola Soft Drink Cans Multipack,30 x 375mL,was $32.55,$28.85,$2.56 per L,https://foodlandbalaklava.com.au//lines/pepsi-cola-30x375ml
Foodland Balaklava,2025-05-04 23:59:03,Pepsi Cola Soft Drink Mini Cans Multipack,6 x 275mL,was $9.55,$8.20,$4.97 per L,https://foodlandbalaklava.com.au//lines/pepsi-cola-6x275ml
Foodland Balaklava,2025-05-04 23:59:03,Pepsi Max Electric No Sugar Cola Soft Drink Bottle,1250mL,N/A,$2.10,$1.68 per L,https://foodlandbalaklava.com.au//lines/pepsi-max-electric-1-25l
Foodland Balaklava,2025-05-04 23:59:03,Pepsi Max No Sugar Cola Soft Drink Bottle,1.25L,was $3.70,$3.20,$2.56 per L,https://foodlandbalaklava.com.au//lines/pepsi-max-1-25l
Foodland Balaklava,2025-05-04 23:59:03,Pepsi Max No Sugar Cola Soft Drink Bottle,600mL,was $4.20,$3.75,$6.25 per L,https://foodlandbalaklava.com.au//lines/pepsi-max-600ml
Foodland Balaklava,2025-05-04 23:59:03,Pepsi Max No Sugar Cola Soft Drink Mini Cans Multipack 6pk,6 x 275mL,was $9.55,$8.20,$4.97 per L,https://foodlandbalaklava.com.au//lines/pepsi-max-6x275ml
Foodland Balaklava,2025-05-04 23:59:03,Pepsi Max Soda Shop No Sugar Vanilla Cola Soft Drink Bottle,600mL,was $4.20,$3.75,$6.25 per L,https://foodlandbalaklava.com.au//lines/pepsi-max-vanilla-600ml
Foodland Balaklava,2025-05-04 23:59:03,Pepsi Max Soda Shop Raspberry Flavour Soft Drink Can 10 Pack X,375mL,N/A,$19.00,$5.07 per L,https://foodlandbalaklava.com.au//lines/pepsi-max-raspberry-10-x-375ml
Foodland Balaklava,2025-05-04 23:59:03,Perfect Italiano Cheese Mexican Blend Grated,450g,N/A,$9.50,$21.11 per kg,https://foodlandbalaklava.com.au//lines/perfect-chse-mex-shrd-450gm
Foodland Balaklava,2025-05-04 23:59:03,Perfect Italiano Cheese Perfect Bakes Grated,450g,N/A,$9.50,$21.11 per kg,https://foodlandbalaklava.com.au//lines/perfect-ital-perf-bakes-450gm
Foodland Balaklava,2025-05-04 23:59:03,Perfect Italiano Finely Grated Parmesan Garlic & Herb,100g,was $6.20,$5.15,$51.50 per kg,https://foodlandbalaklava.com.au//lines/perfect-chs-parm-grl-hrb-100g
Foodland Balaklava,2025-05-04 23:59:03,Perfect Italiano Finely Grated Parmesan Traditional,100g,was $6.20,$5.15,$51.50 per kg,https://foodlandbalaklava.com.au//lines/perfect-chs-parm-can-100g
Foodland Balaklava,2025-05-04 23:59:03,Perfect Italiano Mexican Style Grated Cheese,150g,was $4.75,$4.00,$26.67 per kg,https://foodlandbalaklava.com.au//lines/perfect-chse-mex-shrd-150gm
Foodland Balaklava,2025-05-04 23:59:03,Perfect Italiano Parmesan Extra Sharp Extra Sharp Block,200g,N/A,$7.90,$39.50 per kg,https://foodlandbalaklava.com.au//lines/perfect-chse-parm-ital-200gm
Foodland Balaklava,2025-05-04 23:59:03,Perfect Italiano Romano Risotto,200g,N/A,$7.90,$39.50 per kg,https://foodlandbalaklava.com.au//lines/perfect-chse-ital-rom-blk200gm
Foodland Balaklava,2025-05-04 23:59:03,Perrier Sparkling Mineral Water,750mL,was $4.50,$3.75,$5.00 per L,https://foodlandbalaklava.com.au//lines/perrier-spk-water-gls-750ml
Foodland Balaklava,2025-05-04 23:59:03,Perrier Spk Water Pet,1L,was $4.75,$4.30,$4.30 per L,https://foodlandbalaklava.com.au//lines/perrier-spk-water-pet-1l
Foodland Balaklava,2025-05-04 23:59:03,Pet Bed Rectangular Medium,N/A,was $18.00,$17.00,N/A,https://foodlandbalaklava.com.au//lines/pet-bed-rectangular-medium
Foodland Balaklava,2025-05-04 23:59:03,Pet Bed With Sides,N/A,was $18.00,$17.00,N/A,https://foodlandbalaklava.com.au//lines/pet-bed-with-sides
Foodland Balaklava,2025-05-04 23:59:03,Pet Bowl Twin Plastic 1pk,N/A,N/A,$6.50,N/A,https://foodlandbalaklava.com.au//lines/essen-pet-bowl-pet-twin
Foodland Balaklava,2025-05-04 23:59:03,Pet Hub Harness & Lead Sml #​1s,N/A,N/A,$10.25,N/A,https://foodlandbalaklava.com.au//lines/pet-hub-harness-lead-sml-1s
Foodland Balaklava,2025-05-04 23:59:03,Pet Hub Toy Treat&​Chew M 1pk,N/A,was $8.35,$7.95,N/A,https://foodlandbalaklava.com.au//lines/pet-hub-toy-treat-chew-m-1pk
Foodland Balaklava,2025-05-04 23:59:03,Pet Munchies Rabbit & Guinea Pig Treat,300g,was $4.20,$3.05,$1.02 per 100g,https://foodlandbalaklava.com.au//lines/pet-mnch-trt-sml-anml-sqr300gm
Foodland Balaklava,2025-05-04 23:59:03,Peters Caramel Rough Nut Maxibon,N/A,N/A,$11.50,$2.05 per 100mL,https://foodlandbalaklava.com.au//lines/peters-m-p-maxibon-car-r-nut4s
Foodland Balaklava,2025-05-04 23:59:03,Peters Frosty Fruit - Fruit Stack,N/A,N/A,$9.00,$2.14 per 100mL,https://foodlandbalaklava.com.au//lines/peters-m-p-f-frt-frt-stack-6s
Foodland Balaklava,2025-05-04 23:59:03,Peters Frosty Fruits Watermelon 8pk,N/A,N/A,$9.00,$1.73 per 100mL,https://foodlandbalaklava.com.au//lines/peters-m-p-f-frt-wtrmeln-8s
Foodland Balaklava,2025-05-04 23:59:03,Peters Ice Cream Original Chocopolitan,2L,N/A,$5.50,$0.28 per 100mL,https://foodlandbalaklava.com.au//lines/peters-i-crm-orig-choc-pol-2l
Foodland Balaklava,2025-05-04 23:59:03,Peters L&​C Ic Choc Carmel 1.​8,N/A,N/A,$8.40,$0.47 per 100mL,https://foodlandbalaklava.com.au//lines/peters-i-crm-l-c-chc-crml-1-8l
Foodland Balaklava,2025-05-04 23:59:03,Peters Lemon Lime Twin Poles,N/A,was $8.40,$6.00,$1.10 per 100mL,https://foodlandbalaklava.com.au//lines/peters-twn-pole-lmn-lime-8s
Foodland Balaklava,2025-05-04 23:59:03,Peters M/​P D/​Stk Mini Mixed 6s,N/A,was $10.00,$9.20,$1.87 per 100mL,https://foodlandbalaklava.com.au//lines/peters-m-p-d-stk-mini-mixed-6s
Foodland Balaklava,2025-05-04 23:59:03,Peters M/​P F/​Frt Trop 50%​L/​S8s,N/A,N/A,$9.00,$1.73 per 100mL,https://foodlandbalaklava.com.au//lines/peters-m-p-f-frt-trop-50-l-s8s
Foodland Balaklava,2025-05-04 23:59:03,Peters M/​P Maxibon Hnycmb 4s,N/A,N/A,$11.50,$2.05 per 100mL,https://foodlandbalaklava.com.au//lines/peters-m-p-maxibon-hnycmb-4s
Foodland Balaklava,2025-05-04 23:59:03,Peters Maxibon Original Vanilla 4 Pack,560mL,N/A,$11.50,$2.05 per 100mL,https://foodlandbalaklava.com.au//lines/peters-m-p-maxibon-orig-van-4s
Foodland Balaklava,2025-05-04 23:59:03,Peters Maxibon That’​S Mint,N/A,N/A,$11.50,$2.05 per 100mL,https://foodlandbalaklava.com.au//lines/peters-m-p-maxibon-mint-4s
Foodland Balaklava,2025-05-04 23:59:03,Peters Original Mint Choc Swirl Ice Cream,2L,N/A,$5.50,$0.28 per 100mL,https://foodlandbalaklava.com.au//lines/peters-i-crm-orig-choc-mnt-2l
Foodland Balaklava,2025-05-04 23:59:03,Peters Peanut Jams With Butter Maxibon,N/A,N/A,$11.50,$2.05 per 100mL,https://foodlandbalaklava.com.au//lines/peters-m-p-maxibon-pb-j-4pk
Foodland Balaklava,2025-05-04 23:59:03,Peters Polar Pie,N/A,was $8.00,$6.75,$1.25 per 100mL,https://foodlandbalaklava.com.au//lines/peters-m-p-polar-pie-6s-1
Foodland Balaklava,2025-05-04 23:59:03,Peters Rabbit&​G/​Pig Alf&​Frt2kg,N/A,N/A,$9.50,$0.48 per 100g,https://foodlandbalaklava.com.au//lines/peters-sm-pet-fd-alflfa-frt2kg
Foodland Balaklava,2025-05-04 23:59:03,Peters Rabbit&​G/​Pig Grain+,2kg,N/A,$9.50,$0.48 per 100g,https://foodlandbalaklava.com.au//lines/peters-rabbit-g-pig-grain-2kg
Foodland Balaklava,2025-05-04 23:59:03,Peters Twiggies Sm Animl,150g,N/A,$7.30,$4.87 per 100g,https://foodlandbalaklava.com.au//lines/peters-twiggies-sm-animl-150g
Foodland Balaklava,2025-05-04 23:59:03,Peters Twin Pole Cola Spider,8 x 544mL,was $8.40,$6.00,$1.01 per 100mL,https://foodlandbalaklava.com.au//lines/peters-twn-pole-cola-spider-8s
Foodland Balaklava,2025-05-04 23:59:04,Peters Twin Pole Pineapple & Raspberry '8 Pack',590mL,was $8.40,$6.00,$1.01 per 100mL,https://foodlandbalaklava.com.au//lines/peters-twn-pole-p-apl-rasp-8s
Foodland Balaklava,2025-05-04 23:59:04,Peter’​S Chocolate & Vanilla Twin Pole,N/A,was $8.40,$6.00,$1.01 per 100mL,https://foodlandbalaklava.com.au//lines/peters-twn-pole-van-choc-8s
Foodland Balaklava,2025-05-04 23:59:04,Peter’​S Maxibon Hedgehog Slices,N/A,N/A,$11.50,$2.05 per 100mL,https://foodlandbalaklava.com.au//lines/peters-m-p-maxibon-hedghog-4pk
Foodland Balaklava,2025-05-04 23:59:04,Peter’​S Maxibon Monster Cookies X 4,560mL,N/A,$11.50,$2.05 per 100mL,https://foodlandbalaklava.com.au//lines/peters-m-p-maxibon-m-ckie-4s
Foodland Balaklava,2025-05-04 23:59:04,Peter’​S Maxibon Vanilla Slices,N/A,N/A,$11.50,$2.05 per 100mL,https://foodlandbalaklava.com.au//lines/peters-m-p-maxibon-van-slce4pk
Foodland Balaklava,2025-05-04 23:59:04,Peter’​S Strawberry Drumsticks,N/A,was $10.00,$9.20,$1.94 per 100mL,https://foodlandbalaklava.com.au//lines/peters-m-p-d-stk-saucy-sbry-4s
Foodland Balaklava,2025-05-04 23:59:04,Peter’​S Summer Faves,N/A,was $37.80,$24.00,$1.14 per 100mL,https://foodlandbalaklava.com.au//lines/peters-m-p-i-crm-sum-faves-24s
Foodland Balaklava,2025-05-04 23:59:04,Pets Own Duck Jerky,120g,N/A,$8.20,$6.83 per 100g,https://foodlandbalaklava.com.au//lines/pets-own-jerky-duck-120gm-1
Foodland Balaklava,2025-05-04 23:59:04,Ph8 Nat Alkaline Spring Water,1.5L,N/A,$3.40,$2.27 per L,https://foodlandbalaklava.com.au//lines/ph8-nat-alkaline-spring-water-1-5l
Foodland Balaklava,2025-05-04 23:59:04,Philadelphia Block Cream Cheese Light,250g,N/A,$5.70,$22.80 per kg,https://foodlandbalaklava.com.au//lines/philly-lte-block-250gm
Foodland Balaklava,2025-05-04 23:59:04,Philadelphia Light Cream Cheese Spreads Tub,250g,N/A,$5.70,$22.80 per kg,https://foodlandbalaklava.com.au//lines/philly-lte-sprdbl-tub-250gm
Foodland Balaklava,2025-05-04 23:59:04,Philips Compact Fluorescent Light Bulb Tornado B22 Warm White,20W,N/A,$9.45,N/A,https://foodlandbalaklava.com.au//lines/philips-torn-bc-w-wht-20w-1pk
Foodland Balaklava,2025-05-04 23:59:04,Philips Energy Saver Lightbulb Screw Daylight Mini Twist,24W,N/A,$9.45,N/A,https://foodlandbalaklava.com.au//lines/philips-torn-es-c-dylt-24w-1pk
Foodland Balaklava,2025-05-04 23:59:04,Philips Led B22 Cw,2 x 11W,N/A,$18.05,$9.02 Each,https://foodlandbalaklava.com.au//lines/philips-led-b22-cw-2-x-11w
Foodland Balaklava,2025-05-04 23:59:04,Philips Led B22 Ww,2 x 11W,N/A,$18.05,$9.02 Each,https://foodlandbalaklava.com.au//lines/philips-led-b22-ww-2-x-11w
Foodland Balaklava,2025-05-04 23:59:04,Philips Led Es White Light Globe,14W,was $10.50,$9.00,N/A,https://foodlandbalaklava.com.au//lines/philips-led-es-wht-13w-1pk-1
Foodland Balaklava,2025-05-04 23:59:04,Philips Led Es Wht,9W,was $8.40,$7.20,N/A,https://foodlandbalaklava.com.au//lines/philips-led-es-wht-9w-1pk
Foodland Balaklava,2025-05-04 23:59:04,Philips Led Light Globe,14W,was $10.50,$9.00,N/A,https://foodlandbalaklava.com.au//lines/philips-led-bc-c-dlt-14w-1pk
Foodland Balaklava,2025-05-04 23:59:04,Philips Led Light Globe,14W,was $10.50,$9.00,N/A,https://foodlandbalaklava.com.au//lines/philips-led-es-c-dlt-13w-1pk-1
Foodland Balaklava,2025-05-04 23:59:04,Philips Led Light Globe,9W,was $8.40,$7.20,N/A,https://foodlandbalaklava.com.au//lines/philips-led-bc-wht-9w-1pk
Foodland Balaklava,2025-05-04 23:59:04,Philips Led Light Globe,9W,N/A,$13.65,$6.82 Each,https://foodlandbalaklava.com.au//lines/philips-led-es-9w-6500k-2pk
Foodland Balaklava,2025-05-04 23:59:04,Philips Led Light Globe,9W,N/A,$13.65,$6.82 Each,https://foodlandbalaklava.com.au//lines/philips-led-bc-b22-9w-6500-2pk
Foodland Balaklava,2025-05-04 23:59:04,Philips Led Light Globes,2700 x 9W,N/A,$13.65,$6.82 Each,https://foodlandbalaklava.com.au//lines/philips-led-bc-b22-9w-2700-2pk
Foodland Balaklava,2025-05-04 23:59:04,Philips Led Lust Ses 2pk,5W,N/A,$13.65,$6.82 Each,https://foodlandbalaklava.com.au//lines/philips-led-lust-5w-ses-2pk
Foodland Balaklava,2025-05-04 23:59:04,Philips Ledbulb 10.​5-75w Es 6500k 230v A60 Cdl,N/A,N/A,$9.45,N/A,https://foodlandbalaklava.com.au//lines/philips-led-es-c-dlt-11w
Foodland Balaklava,2025-05-04 23:59:04,Philips Lightbulb Bayonet Energy Saver Daylight Minitwist,24W,N/A,$9.45,N/A,https://foodlandbalaklava.com.au//lines/philips-torn-bc-c-dlgh-24w-1pk
Foodland Balaklava,2025-05-04 23:59:04,Philips Lumen Warm White Light Globe,806 x 9W,N/A,$13.65,$6.82 Each,https://foodlandbalaklava.com.au//lines/philips-led-es-9w-2700k-2pk
Foodland Balaklava,2025-05-04 23:59:04,Picky Picky Peanut Oil,790mL,was $8.40,$7.20,$0.91 per 100mL,https://foodlandbalaklava.com.au//lines/p-picky-oil-peanut-790ml
Foodland Balaklava,2025-05-04 23:59:04,Pigeon Brand Baby Corn In Brine,425g,N/A,$2.10,$4.94 per kg,https://foodlandbalaklava.com.au//lines/pigeon-baby-corn-brine-425gm
Foodland Balaklava,2025-05-04 23:59:04,Pigment-Inevitable,N/A,N/A,$4.99,N/A,https://foodlandbalaklava.com.au//lines/pigment-inevitable
Foodland Balaklava,2025-05-04 23:59:04,Piksters Interdental Brushes Grey Size 0 10pk 10pk,N/A,was $7.90,$7.45,$0.74 Each,https://foodlandbalaklava.com.au//lines/pikstrs-i-dntl-brh-gry-sz0-10p
Foodland Balaklava,2025-05-04 23:59:04,Piksters Interdental Brushes White Size 2 10pk 10pk,N/A,was $7.90,$7.45,$0.74 Each,https://foodlandbalaklava.com.au//lines/pikstrs-i-dntl-sze-2-10pk
Foodland Balaklava,2025-05-04 23:59:04,Pine O Cleen 24h Germ Protection Disinfectant Biodegradable Lemon Lime,500mL,N/A,$8.00,$1.60 per 100mL,https://foodlandbalaklava.com.au//lines/pine-o-cleen-24hr-lmn-500ml
Foodland Balaklava,2025-05-04 23:59:04,Pine O Cleen Antibacterial Disinfectant All In 1 Gel Lemon Lime,400mL,N/A,$6.30,$1.58 per 100mL,https://foodlandbalaklava.com.au//lines/pine-o-cleen-gel-lmn-400ml
Foodland Balaklava,2025-05-04 23:59:04,Pine O Cleen Antibacterial Disinfectant Liquid Lemon Lime,500mL,was $4.40,$2.80,$0.56 per 100mL,https://foodlandbalaklava.com.au//lines/pine-o-cleen-lemon-500ml
Foodland Balaklava,2025-05-04 23:59:04,Pine O Cleen Antibacterial Liquid Disinfectant Eucalyptus,500mL,was $4.40,$2.80,$0.56 per 100mL,https://foodlandbalaklava.com.au//lines/pine-o-cleen-eucalyptus-500ml
Foodland Balaklava,2025-05-04 23:59:04,Pine O Cleen Antibacterial Liquid Disinfectant Lemon Lime,1.25L,N/A,$8.40,$6.72 per L,https://foodlandbalaklava.com.au//lines/pine-o-cleen-lemon-lime-1-25l
Foodland Balaklava,2025-05-04 23:59:04,Pine O Cleen Antibacterial Liquid Disinfectant Pine,500mL,was $4.40,$2.80,$0.56 per 100mL,https://foodlandbalaklava.com.au//lines/pine-o-cleen-pine-500ml
Foodland Balaklava,2025-05-04 23:59:04,Pine O Cleen Antibacterial Liquid Disinfectant Pot Pourri,500mL,was $4.40,$2.80,$0.56 per 100mL,https://foodlandbalaklava.com.au//lines/pine-o-cleen-pot-pourri-500ml
Foodland Balaklava,2025-05-04 23:59:04,Pine O Cleen Disinfectant Biodegradable Multipurpose Wipes Fresh 150 Pack,N/A,N/A,$15.75,$10.50 Units100,https://foodlandbalaklava.com.au//lines/pine-o-cleen-wipes-fresh-150s
Foodland Balaklava,2025-05-04 23:59:04,Pine O Cleen Disinfectant Biodegradable Wipes Lemon Lime 110 Pack,N/A,was $12.60,$11.25,$0.10 Each,https://foodlandbalaklava.com.au//lines/pine-o-cleen-wipes-lemon-110s
Foodland Balaklava,2025-05-04 23:59:04,Pine O Cleen Disinfectant Biodegradable Wipes Lemon Lime Mega Value Pack Ipes,2 x 220W,was $18.90,$18.00,$0.08 Each,https://foodlandbalaklava.com.au//lines/pine-o-cleen-wipes-lemon-220s
Foodland Balaklava,2025-05-04 23:59:04,Pine O Cleen Disinfectant Biodegradable Wipes Mango 110 Pack,N/A,was $12.60,$11.25,$10.23 Units100,https://foodlandbalaklava.com.au//lines/pine-o-cleen-wipes-mango-110s
Foodland Balaklava,2025-05-04 23:59:04,Pine O Cleen Disinfectant Biodegradable Wipes Tropical Blossom Mega Value Pack Ipes,2 x 220W,was $18.90,$18.00,$0.08 Each,https://foodlandbalaklava.com.au//lines/pine-o-cleen-wipes-trop-220s
Foodland Balaklava,2025-05-04 23:59:04,Pine O Cleen Disinfectant Floor Cleaner Pomegranate,1.5L,N/A,$10.50,$0.70 per 100mL,https://foodlandbalaklava.com.au//lines/pine-o-cleen-flr-clnr-pom-1-5l
Foodland Balaklava,2025-05-04 23:59:04,Pine O Cleen Disinfectant Multipurpose Cleaner Trigger Spray Crisp Apple,750mL,N/A,$4.20,$0.56 per 100mL,https://foodlandbalaklava.com.au//lines/pine-o-cleen-mult-apl-trg750ml
Foodland Balaklava,2025-05-04 23:59:04,Pine O Cleen Disinfectant Multipurpose Cleaner Trigger Spray Eucalyptus,750mL,N/A,$4.20,$0.56 per 100mL,https://foodlandbalaklava.com.au//lines/pine-o-cleen-mult-euc-trg750ml
Foodland Balaklava,2025-05-04 23:59:04,Pine O Cleen Disinfectant Multipurpose Cleaner Trigger Spray Lemon Lime,750mL,N/A,$4.20,$0.56 per 100mL,https://foodlandbalaklava.com.au//lines/pine-o-cleen-mult-lmn-trg750ml
Foodland Balaklava,2025-05-04 23:59:05,Pine O Cleen Disinfectant Wipes Lemon Lime 150 Pack,N/A,N/A,$15.75,$0.10 Each,https://foodlandbalaklava.com.au//lines/pine-o-cleen-wipes-lemon-150s-1
Foodland Balaklava,2025-05-04 23:59:05,Pine O Cleen Gold Washing Machine Cleaner 7in1 Gold Forest Breeze,250mL,N/A,$10.50,$4.20 per 100mL,https://foodlandbalaklava.com.au//lines/pine-o-cleen-w-mach-gld-250ml
Foodland Balaklava,2025-05-04 23:59:05,Pine O Cleen Washing Machine Cleaner Lemon Lime,250mL,N/A,$8.40,$3.36 per 100mL,https://foodlandbalaklava.com.au//lines/pine-o-cleen-cln-mach-lmn250ml
Foodland Balaklava,2025-05-04 23:59:05,Pinnacle Plastic Peg Basket,N/A,N/A,$2.65,N/A,https://foodlandbalaklava.com.au//lines/pinnacle-plastic-peg-basket
Foodland Balaklava,2025-05-04 23:59:05,Piranha Chicca Chips Chilli Cream Cheese,75g,N/A,$4.00,$5.33 per 100g,https://foodlandbalaklava.com.au//lines/piranha-g-f-chips-ch-crm-chs-75g
Foodland Balaklava,2025-05-04 23:59:05,Piranha Chicca Chips Italian Supreme,75g,N/A,$4.00,$5.33 per 100g,https://foodlandbalaklava.com.au//lines/piranha-g-f-chips-ital-supr-75g
Foodland Balaklava,2025-05-04 23:59:05,Piranha Chicca Chips Lime/​Sea Salt,75g,N/A,$4.00,$5.33 per 100g,https://foodlandbalaklava.com.au//lines/piranha-g-f-chips-lime-ssalt-75g
Foodland Balaklava,2025-05-04 23:59:05,Piranha Chicca Chips Original,75g,N/A,$4.00,$5.33 per 100g,https://foodlandbalaklava.com.au//lines/piranha-g-f-chicca-chips-75g
Foodland Balaklava,2025-05-04 23:59:05,Piranha G/​F Chips Saucy BBQ,75g,N/A,$4.00,$5.33 per 100g,https://foodlandbalaklava.com.au//lines/piranha-g-f-chips-saucy-bbq-75g
Foodland Balaklava,2025-05-04 23:59:05,Piranha G/​F Grills S/​Crm Chv,75g,N/A,$4.00,$5.33 per 100g,https://foodlandbalaklava.com.au//lines/piranha-g-f-grills-s-crm-chv-75g
Foodland Balaklava,2025-05-04 23:59:05,Piranha G/​F Grills Seasalt,75g,N/A,$4.00,$5.33 per 100g,https://foodlandbalaklava.com.au//lines/piranha-g-f-grills-seasalt-75g
Foodland Balaklava,2025-05-04 23:59:05,Piranha G/​F Grills Ssalt Vin,75g,N/A,$4.00,$5.33 per 100g,https://foodlandbalaklava.com.au//lines/piranha-g-f-grills-ssalt-vin-75g
Foodland Balaklava,2025-05-04 23:59:05,Piranha G/​F Snp Organo/​Thyme,25g,N/A,$1.80,$0.72 per 10g,https://foodlandbalaklava.com.au//lines/piranha-g-f-snp-organo-thyme-25g
Foodland Balaklava,2025-05-04 23:59:05,Piranha G/​F Snp Smkhouse BBQ,25g,N/A,$1.80,$0.72 per 10g,https://foodlandbalaklava.com.au//lines/piranha-g-f-snp-smkhouse-bbq-25g
Foodland Balaklava,2025-05-04 23:59:05,Pixar | Purina Alien Dog Toy,N/A,was $13.15,$9.00,N/A,https://foodlandbalaklava.com.au//lines/t-care-dog-toy-pixar-alien-1s
Foodland Balaklava,2025-05-04 23:59:05,Pixar | Purina Mike Wazowski Dog Toy,N/A,was $23.00,$16.60,N/A,https://foodlandbalaklava.com.au//lines/t-care-dog-toy-pixar-mike-1s
Foodland Balaklava,2025-05-04 23:59:05,Pizza N Joy BBQ Meat Lvr,500g,was $5.80,$5.50,$1.15 per 100g,https://foodlandbalaklava.com.au//lines/pizza-n-joy-bbq-meat-lvr-500g
Foodland Balaklava,2025-05-04 23:59:05,Pizza N Joy Pepperoni,480g,was $5.80,$5.50,$1.15 per 100g,https://foodlandbalaklava.com.au//lines/pizza-n-joy-pepperoni-480g
Foodland Balaklava,2025-05-04 23:59:05,Pizza Rope Cheese,N/A,N/A,$2.20,$2.59 per 100g,https://foodlandbalaklava.com.au//lines/pizza-rope-cheese
Foodland Balaklava,2025-05-04 23:59:05,Pizza Toast,N/A,N/A,$1.20,N/A,https://foodlandbalaklava.com.au//lines/pizza-toast-1
Foodland Balaklava,2025-05-04 23:59:05,Pk - Boston Terrier,N/A,N/A,$10.99,N/A,https://foodlandbalaklava.com.au//lines/pk-boston-terrier-1
Foodland Balaklava,2025-05-04 23:59:05,Pk - Eco Bee,N/A,N/A,$10.99,N/A,https://foodlandbalaklava.com.au//lines/pk-eco-bee-1
Foodland Balaklava,2025-05-04 23:59:05,Pk - Eco Lemur,N/A,N/A,$10.99,N/A,https://foodlandbalaklava.com.au//lines/pk-eco-lemur
Foodland Balaklava,2025-05-04 23:59:05,Pk - Fennec Fox,N/A,N/A,$10.99,N/A,https://foodlandbalaklava.com.au//lines/pk-fennec-fox-1
Foodland Balaklava,2025-05-04 23:59:05,Pk - German Sheperd,N/A,N/A,$10.99,N/A,https://foodlandbalaklava.com.au//lines/pk-german-sheperd-1
Foodland Balaklava,2025-05-04 23:59:05,Pk - Pug,N/A,N/A,$10.99,N/A,https://foodlandbalaklava.com.au//lines/pk-pug-1
Foodland Balaklava,2025-05-04 23:59:05,Pk - Yellow Labrador,N/A,N/A,$10.99,N/A,https://foodlandbalaklava.com.au//lines/pk-yellow-labrador-1
Foodland Balaklava,2025-05-04 23:59:05,Pk Original Chewing Gum 10 Pieces,14g,N/A,$1.15,$8.21 per 100g,https://foodlandbalaklava.com.au//lines/wrig-pk-pprmint-sf-14g
Foodland Balaklava,2025-05-04 23:59:05,Plants Indoor,N/A,N/A,$12.95,N/A,https://foodlandbalaklava.com.au//lines/plants-indoor
Foodland Balaklava,2025-05-04 23:59:05,Plants Outdoor,N/A,N/A,$12.95,N/A,https://foodlandbalaklava.com.au//lines/plants-outdoor
Foodland Balaklava,2025-05-04 23:59:05,Platinum 9v Battery,N/A,N/A,$7.50,N/A,https://foodlandbalaklava.com.au//lines/platinum-alk-sup-9v-1pk
Foodland Balaklava,2025-05-04 23:59:05,Platinum Aaa Batteries,N/A,N/A,$12.30,$1.23 Each,https://foodlandbalaklava.com.au//lines/platinum-alk-aaa-10pk
Foodland Balaklava,2025-05-04 23:59:05,Platinum Bat Alk Aa Pk 10,N/A,N/A,$10.20,$1.02 Each,https://foodlandbalaklava.com.au//lines/platinum-bat-alk-aa-pk-10
Foodland Balaklava,2025-05-04 23:59:05,Platinum Bat Alk Aaa Pk 10,N/A,N/A,$10.20,$1.02 Each,https://foodlandbalaklava.com.au//lines/platinum-bat-alk-aaa-pk-10
Foodland Balaklava,2025-05-04 23:59:05,Platinum Bat Cr2016 2pk,N/A,N/A,$7.00,$3.50 Each,https://foodlandbalaklava.com.au//lines/platinum-bat-cr2016-2pk
Foodland Balaklava,2025-05-04 23:59:05,Platinum Cr2025 3v Lithium Battery,N/A,N/A,$7.00,$3.50 Each,https://foodlandbalaklava.com.au//lines/platinum-bat-cr2025-2pk
Foodland Balaklava,2025-05-04 23:59:05,Platinum Extra Heavy Duty Aa,N/A,N/A,$4.80,$1.20 Each,https://foodlandbalaklava.com.au//lines/platinum-bat-s-h-d-aa-pk-4
Foodland Balaklava,2025-05-04 23:59:05,Platinum Extra Heavy Duty Aa Batteries 10pk,N/A,N/A,$8.00,$0.80 Each,https://foodlandbalaklava.com.au//lines/platinum-bat-s-h-d-aa-10pk
Foodland Balaklava,2025-05-04 23:59:05,Platinum Extra Heavy Duty Aaa,N/A,N/A,$8.00,$0.80 Each,https://foodlandbalaklava.com.au//lines/platinum-bat-s-h-d-aaa-10pk
Foodland Balaklava,2025-05-04 23:59:05,Platinum Lr44 Battery '2 Pack',N/A,N/A,$3.80,$1.90 Each,https://foodlandbalaklava.com.au//lines/platinum-bat-lr44-2pk
Foodland Balaklava,2025-05-04 23:59:05,Platinum Super Alkaline Aa Batteries,N/A,N/A,$12.30,$1.23 Each,https://foodlandbalaklava.com.au//lines/platinum-alk-sup-aa-10pk
Foodland Balaklava,2025-05-04 23:59:05,Platinum Super Alkaline Aa Batteries,N/A,N/A,$7.50,$1.88 Each,https://foodlandbalaklava.com.au//lines/platinum-alk-sup-aa-pk-4
Foodland Balaklava,2025-05-04 23:59:05,Platinum Torch,N/A,N/A,$10.20,N/A,https://foodlandbalaklava.com.au//lines/platinum-torch
Foodland Balaklava,2025-05-04 23:59:05,Platinum Type C Batteries,N/A,N/A,$5.90,$2.95 Each,https://foodlandbalaklava.com.au//lines/platinum-bat-alk-c-pk-2
Foodland Balaklava,2025-05-04 23:59:05,Play Set Super Cap Gun Police,N/A,N/A,$3.15,N/A,https://foodlandbalaklava.com.au//lines/play-set-super-cap-gun-police
Foodland Balaklava,2025-05-04 23:59:05,Play-Doh Modeling Compound,N/A,N/A,$3.00,N/A,https://foodlandbalaklava.com.au//lines/playdoh-purple-s-c
Foodland Balaklava,2025-05-04 23:59:05,Playdoh Blue Bright S/​C,N/A,N/A,$3.00,N/A,https://foodlandbalaklava.com.au//lines/playdoh-blue-bright-s-c
Foodland Balaklava,2025-05-04 23:59:05,Playdoh Neon Green S/​C,N/A,N/A,$3.00,N/A,https://foodlandbalaklava.com.au//lines/playdoh-neon-green-s-c
Foodland Balaklava,2025-05-04 23:59:06,Playdoh Neon Organce S/​C,N/A,N/A,$3.00,N/A,https://foodlandbalaklava.com.au//lines/playdoh-neon-organce-s-c
Foodland Balaklava,2025-05-04 23:59:06,Playdoh Red Rubine S/​C,N/A,N/A,$3.00,N/A,https://foodlandbalaklava.com.au//lines/playdoh-red-rubine-s-c
Foodland Balaklava,2025-05-04 23:59:06,Playdoh Yellow S/​C,N/A,N/A,$3.00,N/A,https://foodlandbalaklava.com.au//lines/playdoh-yellow-s-c
Foodland Balaklava,2025-05-04 23:59:06,Playing Cards Queen's Slipper 1pk,N/A,N/A,$4.73,N/A,https://foodlandbalaklava.com.au//lines/queens-slipper-playing-cards
Foodland Balaklava,2025-05-04 23:59:06,Pledge Enhancing Polish Lemon,330mL,N/A,$6.30,$1.91 per 100mL,https://foodlandbalaklava.com.au//lines/pledge-aerosol-lemon-330ml
Foodland Balaklava,2025-05-04 23:59:06,Pledge Gentle Wood Floor Cleaner,500mL,N/A,$7.15,$1.43 per 100mL,https://foodlandbalaklava.com.au//lines/pledge-wood-magic-500ml
Foodland Balaklava,2025-05-04 23:59:06,Pledge Grab-It Xtend Extended Duster,N/A,N/A,$14.40,N/A,https://foodlandbalaklava.com.au//lines/pledge-grab-it-duster-x-tnd
Foodland Balaklava,2025-05-04 23:59:06,Plenty Flaxseed Oil,375mL,N/A,$13.00,$4.33 per 100g,https://foodlandbalaklava.com.au//lines/plenty-flaxseed-oil-375ml
Foodland Balaklava,2025-05-04 23:59:06,Plenty Heart Smart Safflower Oil,750mL,N/A,$8.29,$1.11 per 100mL,https://foodlandbalaklava.com.au//lines/plenty-heart-smart-safflower-oil-750ml
Foodland Balaklava,2025-05-04 23:59:06,Plenty Peanut Butter Crunchy,375g,N/A,$8.50,$2.27 per 100g,https://foodlandbalaklava.com.au//lines/plenty-peanut-butter-crunchy-375gm
Foodland Balaklava,2025-05-04 23:59:06,Plumrose Leg Ham,450g,N/A,$13.50,$30.00 per kg,https://foodlandbalaklava.com.au//lines/plumrose-ham-pear-leg-450g
Foodland Balaklava,2025-05-04 23:59:06,Plumrose Skinless Cocktail Franks,400g,N/A,$5.99,$14.98 per kg,https://foodlandbalaklava.com.au//lines/plumrose-cocktail-frnk400g-1
Foodland Balaklava,2025-05-04 23:59:06,Plumrose Skinless Hotdogs,560g,N/A,$5.79,$10.34 per kg,https://foodlandbalaklava.com.au//lines/plumrose-hot-dogs-560g
Foodland Balaklava,2025-05-04 23:59:06,Plush Ball Monster Jellies,N/A,N/A,$7.95,N/A,https://foodlandbalaklava.com.au//lines/plush-ball-monster-jellies
Foodland Balaklava,2025-05-04 23:59:06,Pluto Pups,N/A,N/A,$3.50,N/A,https://foodlandbalaklava.com.au//lines/pluto-pups-1
Foodland Balaklava,2025-05-04 23:59:06,Podista Hot Choc Pods 10pk,N/A,N/A,$6.49,$0.65 Each,https://foodlandbalaklava.com.au//lines/podista-hot-choc-pods-10pk
Foodland Balaklava,2025-05-04 23:59:06,Podravka Vegeta Stck D/​Lgt180g,N/A,N/A,$5.10,$0.28 per 10g,https://foodlandbalaklava.com.au//lines/podravka-vegeta-stck-d-lgt180g-1
Foodland Balaklava,2025-05-04 23:59:06,Podravka Vegeta Stock Bf,180g,N/A,$5.10,$0.28 per 10g,https://foodlandbalaklava.com.au//lines/podravka-vegeta-stock-bf-180gm
Foodland Balaklava,2025-05-04 23:59:06,Pods Snickers Chocolate Snack & Share Party Bag,160g,was $7.35,$5.40,$3.38 per 100g,https://foodlandbalaklava.com.au//lines/pods-snickers-pch-160gm
Foodland Balaklava,2025-05-04 23:59:06,Poise 2-In-1 Period & Incontinence Underwear Black Size 14-16,N/A,N/A,$30.00,N/A,https://foodlandbalaklava.com.au//lines/poise-2in1-briefs-blk-14-16-1s
Foodland Balaklava,2025-05-04 23:59:06,Poise Charcoal Liners For Bladder Leaks Extra Long 20 Pack,N/A,N/A,$6.70,$0.34 Each,https://foodlandbalaklava.com.au//lines/poise-liners-charc-ex-long-20s
Foodland Balaklava,2025-05-04 23:59:06,Poise Charcoal Liners For Bladder Leaks Light 22 Pack,N/A,N/A,$6.00,$0.27 Each,https://foodlandbalaklava.com.au//lines/poise-liners-charc-light-22s
Foodland Balaklava,2025-05-04 23:59:06,Poise Liners For Bladder Leaks Extra Long 22 Pack,N/A,N/A,$6.45,$0.29 Each,https://foodlandbalaklava.com.au//lines/poise-liners-extra-long-22pk
Foodland Balaklava,2025-05-04 23:59:06,Poise Liners For Bladder Leaks Regular 26 Pack,N/A,N/A,$6.45,$0.25 Each,https://foodlandbalaklava.com.au//lines/poise-p-liner-incontinence-26s
Foodland Balaklava,2025-05-04 23:59:06,Poise Pads For Bladder Leaks Extra Plus 10 Pack,N/A,N/A,$7.30,$0.73 Each,https://foodlandbalaklava.com.au//lines/poise-pads-xtr-plus-adlt-cr10s
Foodland Balaklava,2025-05-04 23:59:06,Poise Pads For Bladder Leaks Regular 16 Pack,N/A,N/A,$7.30,$0.46 Each,https://foodlandbalaklava.com.au//lines/poise-pads-reg-adultcare-16s
Foodland Balaklava,2025-05-04 23:59:06,Poise Pads For Bladder Leaks Super 14 Pack,N/A,N/A,$7.30,$0.52 Each,https://foodlandbalaklava.com.au//lines/poise-pads-super-adltcare-14s
Foodland Balaklava,2025-05-04 23:59:06,Poise Thin & Discreet Pads Extra 12 Pack,N/A,N/A,$6.85,$0.57 Each,https://foodlandbalaklava.com.au//lines/poise-pad-xtr-a-care-disc-12s
Foodland Balaklava,2025-05-04 23:59:06,Poise Thin & Discreet Pads Regular 16 Pack,N/A,N/A,$6.85,$0.43 Each,https://foodlandbalaklava.com.au//lines/poise-pad-discreet-reg-16s
Foodland Balaklava,2025-05-04 23:59:06,Pokemon Cards Journey Together,N/A,N/A,$9.00,N/A,https://foodlandbalaklava.com.au//lines/pokemon-cards-journey-together
Foodland Balaklava,2025-05-04 23:59:06,Pokemon Cards S&​V 8 Surging Sparks,N/A,N/A,$9.00,N/A,https://foodlandbalaklava.com.au//lines/pokemon-cards-s-v-8-surging-sparks
Foodland Balaklava,2025-05-04 23:59:06,Pokemon Everg Pokeball Col Of6,N/A,N/A,$11.50,N/A,https://foodlandbalaklava.com.au//lines/pokemon-everg-pokeball-col-of6
Foodland Balaklava,2025-05-04 23:59:06,Pokemon Tcg V/​Paldea Mini Tin,N/A,N/A,$20.00,N/A,https://foodlandbalaklava.com.au//lines/pokemon-tcg-v-paldea-mini-tin-1
Foodland Balaklava,2025-05-04 23:59:06,Polar Fleece Pet Blanket,N/A,was $6.00,$5.50,N/A,https://foodlandbalaklava.com.au//lines/pet-blanket-polar-fleece135515
Foodland Balaklava,2025-05-04 23:59:06,Polident 3 Minute Daily Cleanser For Dentures 36 Tablets,N/A,N/A,$6.95,$0.19 Each,https://foodlandbalaklava.com.au//lines/polident-tablets-active-36s
Foodland Balaklava,2025-05-04 23:59:06,Polident Denture Adhesive Cream Flavour Free,60g,N/A,$14.95,$24.92 per 100g,https://foodlandbalaklava.com.au//lines/polident-poligrip-adh-f-f-60gm
Foodland Balaklava,2025-05-04 23:59:06,Polident Denture Adhesive Cream Fresh,60g,N/A,$14.95,$24.92 per 100g,https://foodlandbalaklava.com.au//lines/polident-poligrip-adh-fmt-60gm
Foodland Balaklava,2025-05-04 23:59:06,Polident Hold + Seal Denture Adhesive Cream,40g,N/A,$12.10,$30.25 per 100g,https://foodlandbalaklava.com.au//lines/polident-seal-crm-max-food40gm
Foodland Balaklava,2025-05-04 23:59:06,Polident Max Hold + Comfort Partial & Denture Adhesive,40g,N/A,$12.10,$30.25 per 100g,https://foodlandbalaklava.com.au//lines/polident-crm-adh-hld-comf-40gm
Foodland Balaklava,2025-05-04 23:59:06,Polident Retainer & Mouthguard Daily Cleanser 36 Tablets,N/A,N/A,$6.95,$0.19 Each,https://foodlandbalaklava.com.au//lines/polident-tabs-retnr-mth-grd36s
Foodland Balaklava,2025-05-04 23:59:06,Pomegranate,N/A,N/A,$5.00,N/A,https://foodlandbalaklava.com.au//lines/pomegranate
Foodland Balaklava,2025-05-04 23:59:06,Pony Toys,N/A,N/A,$8.00,N/A,https://foodlandbalaklava.com.au//lines/pony-toys
Foodland Balaklava,2025-05-04 23:59:06,Poonsin Mixed Stir-Fry Vegetables,425g,N/A,$3.45,$8.12 per kg,https://foodlandbalaklava.com.au//lines/poonsin-vegetables-mixed-425gm-1
Foodland Balaklava,2025-05-04 23:59:06,Poonsin Vietnamese Dipping Sauce,300mL,N/A,$3.70,$1.23 per 100mL,https://foodlandbalaklava.com.au//lines/poonsin-sce-dipping-viet-300ml-1
Foodland Balaklava,2025-05-04 23:59:06,POP FICTION P/​CORN MULTIPACK 10PK,N/A,N/A,$8.00,$6.15 per 100g,https://foodlandbalaklava.com.au//lines/pop-fiction-popcorn-multipack-13pk
Foodland Balaklava,2025-05-04 23:59:06,Pop Pals Dino,8g,N/A,$3.40,$4.25 per 10g,https://foodlandbalaklava.com.au//lines/pop-pals-dino-8g
Foodland Balaklava,2025-05-04 23:59:06,Popcorners Popcorn Chips Share Pack Sweet And Salty,130g,N/A,$5.05,$3.88 per 100g,https://foodlandbalaklava.com.au//lines/popcorners-swt-slty-130g
Foodland Balaklava,2025-05-04 23:59:06,Pope Glove Budget Lthr Wrk Lge,N/A,N/A,$6.14,N/A,https://foodlandbalaklava.com.au//lines/pope-glove-budget-lthr-wrk-lge
Foodland Balaklava,2025-05-04 23:59:08,Pope Hand Trowel,N/A,N/A,$7.88,N/A,https://foodlandbalaklava.com.au//lines/pope-hand-trowel
Foodland Balaklava,2025-05-04 23:59:08,Pope Hose Connector 18mm,N/A,N/A,$7.77,N/A,https://foodlandbalaklava.com.au//lines/pope-hose-connector-18mm
Foodland Balaklava,2025-05-04 23:59:08,Pope Hose Coupler 1010609,N/A,N/A,$5.88,N/A,https://foodlandbalaklava.com.au//lines/pope-hose-coupler-1010609
Foodland Balaklava,2025-05-04 23:59:08,Pope Hose Gun Trig Spry1010760,N/A,N/A,$12.60,N/A,https://foodlandbalaklava.com.au//lines/pope-hose-gun-trig-spry1010760
Foodland Balaklava,2025-05-04 23:59:08,Pope Hose Nozzle Adj S/​Grp,N/A,N/A,$9.71,N/A,https://foodlandbalaklava.com.au//lines/pope-hose-nozzle-adj-s-grp
Foodland Balaklava,2025-05-04 23:59:08,Pope Hose Soaker,10m,N/A,$22.58,N/A,https://foodlandbalaklava.com.au//lines/pope-hose-soaker-10m
Foodland Balaklava,2025-05-04 23:59:08,Pope Hose Tap Rdy 12mmx15m,N/A,N/A,$35.18,N/A,https://foodlandbalaklava.com.au//lines/pope-hose-tap-rdy-12mmx15m
Foodland Balaklava,2025-05-04 23:59:08,Pope Plastic Leaf Rake,N/A,N/A,$18.06,N/A,https://foodlandbalaklava.com.au//lines/pope-plastic-leaf-rake
Foodland Balaklava,2025-05-04 23:59:08,Pope Pruner Bypass,N/A,N/A,$17.85,N/A,https://foodlandbalaklava.com.au//lines/pope-pruner-bypass
Foodland Balaklava,2025-05-04 23:59:08,Pope Sprinkler Adaptor 1pk,N/A,N/A,$5.25,N/A,https://foodlandbalaklava.com.au//lines/pope-sprinkler-adaptor-1pk
Foodland Balaklava,2025-05-04 23:59:08,Pope Sprinkler Metal 1010521,N/A,N/A,$7.90,N/A,https://foodlandbalaklava.com.au//lines/pope-sprinkler-metal-1010521
Foodland Balaklava,2025-05-04 23:59:08,Pope Tap Timer 2 Hour 1010307,N/A,N/A,$23.65,N/A,https://foodlandbalaklava.com.au//lines/pope-tap-timer-2-hour-1010307
Foodland Balaklava,2025-05-04 23:59:08,Pope Tie Wire,50m,N/A,$4.36,N/A,https://foodlandbalaklava.com.au//lines/pope-tie-wire-50m
Foodland Balaklava,2025-05-04 23:59:08,Poppin Microwave Popcorn Butter Flavour,100g,N/A,$2.10,$2.10 per 100g,https://foodlandbalaklava.com.au//lines/poppin-m-w-p-corn-butter-100gm
Foodland Balaklava,2025-05-04 23:59:08,Poppin Microwave Popcorn Butter Flavour Lite,85g,N/A,$2.10,$2.47 per 100g,https://foodlandbalaklava.com.au//lines/poppin-m-w-p-corn-lite-bt-85gm
Foodland Balaklava,2025-05-04 23:59:08,Poppin Microwave Popcorn Triple Butter Flavour Explosion,100g,N/A,$2.10,$2.10 per 100g,https://foodlandbalaklava.com.au//lines/poppin-m-w-p-corn-t-btr-100gm
Foodland Balaklava,2025-05-04 23:59:08,Pork Fillets Rw,N/A,was $21.00 per kg,$9.00,$18.00 per kg,https://foodlandbalaklava.com.au//lines/pork-tenderloins-rw-3
Foodland Balaklava,2025-05-04 23:59:08,Post-It Notes Cube,N/A,N/A,$5.25,N/A,https://foodlandbalaklava.com.au//lines/post-it-notes-mini-cube-48x48-1
Foodland Balaklava,2025-05-04 23:59:08,"Post-It® Notes, 654-Hb, 73mm X 73",N/A,N/A,$3.15,N/A,https://foodlandbalaklava.com.au//lines/post-it-notes-yellow-std-100s
Foodland Balaklava,2025-05-04 23:59:08,Post-It® Page Markers 670-5af 12.​7mm X 44.​4,N/A,N/A,$4.41,N/A,https://foodlandbalaklava.com.au//lines/post-it-page-markers-5pk-1
Foodland Balaklava,2025-05-04 23:59:08,Potatoes Baby Kestrel,500g,N/A,$3.25,$6.50 per kg,https://foodlandbalaklava.com.au//lines/baby-kestrel-potatoes-500g-pack
Foodland Balaklava,2025-05-04 23:59:08,Potatoes Small,5kg,N/A,$7.75,$1.55 per kg,https://foodlandbalaklava.com.au//lines/potatoes-small-5kg
Foodland Balaklava,2025-05-04 23:59:08,Potted Gift Foliage,N/A,N/A,$15.00,N/A,https://foodlandbalaklava.com.au//lines/potted-gift-foliage
Foodland Balaklava,2025-05-04 23:59:08,Power Board 6 Outlet Ultra,N/A,N/A,$14.99,N/A,https://foodlandbalaklava.com.au//lines/power-board-6-outlet-ultra
Foodland Balaklava,2025-05-04 23:59:08,Powerade Isotonic Berry Ice Sports Drink Flat Cap,1L,was $5.90,$4.05,$4.05 per L,https://foodlandbalaklava.com.au//lines/powerade-berry-ice-s-cap-1l
Foodland Balaklava,2025-05-04 23:59:08,Powerade Isotonic Mountain Blast Powder,500g,was $15.00,$12.35,$24.70 per kg,https://foodlandbalaklava.com.au//lines/powerade-isotnc-pwd-m-blst500g
Foodland Balaklava,2025-05-04 23:59:08,Powerade Isotonic Mountain Blast Sports Drink Flat Cap,1L,was $5.90,$4.05,$4.05 per L,https://foodlandbalaklava.com.au//lines/powerade-mt-blast-s-cap-1l
Foodland Balaklava,2025-05-04 23:59:08,Powerade Light/​Zero Powerade Berry Ice Zero Sports Drink Sipper Cap,600mL,was $4.60,$3.55,$5.92 per L,https://foodlandbalaklava.com.au//lines/powerade-zero-bry-ice-sip600ml
Foodland Balaklava,2025-05-04 23:59:08,Powerade Strawberry & Lemon Sports Drink Sipper Cap,600mL,was $4.60,$3.55,$5.92 per L,https://foodlandbalaklava.com.au//lines/powerade-sbry-lmn-s-cap-600ml
Foodland Balaklava,2025-05-04 23:59:08,Powerfeed Concentrate Dynamic Fertiliser & Soil Conditioner,600mL,N/A,$11.20,$1.87 per 100mL,https://foodlandbalaklava.com.au//lines/powerfeed-fert-conc-600ml
Foodland Balaklava,2025-05-04 23:59:08,Powerfeed Hose On,1.2L,N/A,$13.45,$11.21 per L,https://foodlandbalaklava.com.au//lines/powerfeed-hose-on-1-2l
Foodland Balaklava,2025-05-04 23:59:08,Powerfeed Pots & Plants,750mL,N/A,$11.20,$1.49 per 100mL,https://foodlandbalaklava.com.au//lines/powerfeed-pots-plants-750ml
Foodland Balaklava,2025-05-04 23:59:08,Praise 99% Fat Free Squeezy Bottle Traditional Mayo,280g,N/A,$3.70,$1.32 per 100g,https://foodlandbalaklava.com.au//lines/praise-mayo-sqz-99-ff-280g
Foodland Balaklava,2025-05-04 23:59:08,Praise Balsamic & Roasted Garlic Vinaigrette Dressing,250mL,was $4.00,$3.00,$1.20 per 100mL,https://foodlandbalaklava.com.au//lines/praise-drs-ds-bal-r-gar-250ml
Foodland Balaklava,2025-05-04 23:59:08,Praise Balsamic Dressing Ff + 25% Less Sugar,330mL,was $3.80,$3.00,$0.91 per 100mL,https://foodlandbalaklava.com.au//lines/praise-drs-balsmc-f-f-l-s330ml
Foodland Balaklava,2025-05-04 23:59:08,Praise Chipotle Aioli,250mL,was $4.75,$4.00,$1.60 per 100mL,https://foodlandbalaklava.com.au//lines/praise-deli-aioli-chipotl250ml
Foodland Balaklava,2025-05-04 23:59:08,Praise Creamy Lime & Herb Dressing,250mL,was $4.00,$3.00,$1.20 per 100mL,https://foodlandbalaklava.com.au//lines/praise-drs-ds-lme-hrb-250ml
Foodland Balaklava,2025-05-04 23:59:08,Praise Everyday Greek Dressing,330mL,was $3.80,$3.00,$0.91 per 100mL,https://foodlandbalaklava.com.au//lines/praise-drs-greek-330ml
Foodland Balaklava,2025-05-04 23:59:08,Praise Everyday Italian Dressing,330mL,was $3.80,$3.00,$0.91 per 100mL,https://foodlandbalaklava.com.au//lines/praise-drs-italian-330ml
Foodland Balaklava,2025-05-04 23:59:08,Praise French Dressing Ff + 25% Less Sugar,330mL,was $3.80,$3.00,$0.91 per 100mL,https://foodlandbalaklava.com.au//lines/praise-drs-french-f-f-l-s330ml
Foodland Balaklava,2025-05-04 23:59:08,Praise Honey And Dijon Mustard Vinaigrette Dressing,250mL,was $4.00,$3.00,$1.20 per 100mL,https://foodlandbalaklava.com.au//lines/praise-drs-ds-hon-dij-250ml
Foodland Balaklava,2025-05-04 23:59:08,Praise Honey Dijon Mayo,245g,was $4.75,$4.00,$1.63 per 100g,https://foodlandbalaklava.com.au//lines/praise-mayo-hny-dijon-sqz245gm
Foodland Balaklava,2025-05-04 23:59:08,Praise Mayo,250g,was $4.75,$4.00,$1.60 per 100g,https://foodlandbalaklava.com.au//lines/praise-mayo-lgt-l-sug-sqz230gm
Foodland Balaklava,2025-05-04 23:59:08,Praise Mini Cesat Dressing,140mL,was $2.65,$2.25,$1.61 per 100mL,https://foodlandbalaklava.com.au//lines/praise-drs-caesar-mini-140ml
Foodland Balaklava,2025-05-04 23:59:08,Praise Mini French Dressing,140mL,was $2.65,$2.25,$1.61 per 100mL,https://foodlandbalaklava.com.au//lines/praise-drs-french-mini-140ml
Foodland Balaklava,2025-05-04 23:59:08,Praise Mini Italian Dressin,140mL,was $2.65,$2.25,$1.61 per 100mL,https://foodlandbalaklava.com.au//lines/praise-drs-italian-mini-140ml
Foodland Balaklava,2025-05-04 23:59:08,Praise Mini Thousand Island Dressing,140mL,was $2.65,$2.25,$1.61 per 100mL,https://foodlandbalaklava.com.au//lines/praise-drs-1000-isl-mini-140ml
Foodland Balaklava,2025-05-04 23:59:08,Praise Seafood Sauce,250mL,N/A,$3.70,$1.48 per 100mL,https://foodlandbalaklava.com.au//lines/praise-sce-seafood-sqz-250ml
Foodland Balaklava,2025-05-04 23:59:09,Praise Vegan Mayo Squeezy Bottle,245g,was $4.75,$4.00,$1.63 per 100g,https://foodlandbalaklava.com.au//lines/praise-mayo-vegan-sqz-245g
Foodland Balaklava,2025-05-04 23:59:09,Praise Whole Egg Creamy Mayo,670g,N/A,$7.00,$1.04 per 100g,https://foodlandbalaklava.com.au//lines/praise-mayo-whole-egg-670gm
Foodland Balaklava,2025-05-04 23:59:09,Prawns King 16/​20 Whole Cooked,N/A,N/A,$33.99,N/A,https://foodlandbalaklava.com.au//lines/prawns-king-16-20-whole-cooked
Foodland Balaklava,2025-05-04 23:59:09,Prawns King Raw,N/A,N/A,$39.99,N/A,https://foodlandbalaklava.com.au//lines/prawns-king-raw
Foodland Balaklava,2025-05-04 23:59:09,Premium Choice Almonds Australian,400g,N/A,$10.00,$2.50 per 100g,https://foodlandbalaklava.com.au//lines/pc-almonds-natural-400g
Foodland Balaklava,2025-05-04 23:59:09,Premium Choice Australia Blanched Slivered Almonds,125g,N/A,$4.19,$33.52 per kg,https://foodlandbalaklava.com.au//lines/p-c-slivered-almonds-125g
Foodland Balaklava,2025-05-04 23:59:09,Premium Choice Broad Beans Roasted Salted,200g,N/A,$3.70,$1.85 per 100g,https://foodlandbalaklava.com.au//lines/pc-sltd-broad-beans-200g
Foodland Balaklava,2025-05-04 23:59:09,Premium Choice Cashews Roasted And Salted,400g,N/A,$13.00,$3.25 per 100g,https://foodlandbalaklava.com.au//lines/pc-cashews-salted-400g
Foodland Balaklava,2025-05-04 23:59:09,Premium Choice Chick Peas Roasted Salted,200g,N/A,$4.30,$2.15 per 100g,https://foodlandbalaklava.com.au//lines/pc-sltd-chickpeas-200g-1
Foodland Balaklava,2025-05-04 23:59:09,Premium Choice Iran Dates Pitted,500g,N/A,$3.50,$7.00 per kg,https://foodlandbalaklava.com.au//lines/p-choice-iran-dates-pitted-500g
Foodland Balaklava,2025-05-04 23:59:09,Premium Choice Pecan Kernals,125g,N/A,$6.99,$55.92 per kg,https://foodlandbalaklava.com.au//lines/p-c-pecan-kernals-125g
Foodland Balaklava,2025-05-04 23:59:09,President Camembert,200g,was $11.55,$7.00,$35.00 per kg,https://foodlandbalaklava.com.au//lines/president-chs-camembert-200gm
Foodland Balaklava,2025-05-04 23:59:09,Pretzel,160g,N/A,$2.50,$1.56 per 100g,https://foodlandbalaklava.com.au//lines/pretzel-160g
Foodland Balaklava,2025-05-04 23:59:09,Prima Apple Blackcurrant No Added Sugar Fruit Drink 6.​0x200ml,N/A,N/A,$6.00,$5.00 per L,https://foodlandbalaklava.com.au//lines/prima-drk-app-bcur-nas-6x200ml
Foodland Balaklava,2025-05-04 23:59:09,Prima Apple Fruit Drink Multipack,6 x 200mL,N/A,$6.00,$5.00 per L,https://foodlandbalaklava.com.au//lines/prima-drk-apple-6x200ml
Foodland Balaklava,2025-05-04 23:59:09,Prima Apple Raspberry No Added Sugar Fruit Drink,6 x 200mL,N/A,$6.00,$5.00 per L,https://foodlandbalaklava.com.au//lines/prima-drk-app-rasp-nas-6x200ml
Foodland Balaklava,2025-05-04 23:59:09,Prima Tropical Fruit Drink Multipack,6 x 200mL,N/A,$6.00,$5.00 per L,https://foodlandbalaklava.com.au//lines/prima-drk-tropical-6x200ml
Foodland Balaklava,2025-05-04 23:59:09,Prima Tropical No Added Sugar Fruit Drink,6 x 200mL,N/A,$6.00,$5.00 per L,https://foodlandbalaklava.com.au//lines/prima-drk-trop-nas-6x200ml
Foodland Balaklava,2025-05-04 23:59:09,Prime Hydrat Stawb W/​Mln,500mL,was $4.75,$3.50,$7.00 per L,https://foodlandbalaklava.com.au//lines/prime-hydrat-stawb-w-mln-500ml
Foodland Balaklava,2025-05-04 23:59:09,Prime Ice Hydr Blu Chill,500mL,N/A,$4.75,$9.50 per L,https://foodlandbalaklava.com.au//lines/prime-ice-hydr-blu-chill-500ml
Foodland Balaklava,2025-05-04 23:59:09,Primo 25% Less Salt Sliced Leg Ham,100g,was $4.15,$3.95,$39.50 per kg,https://foodlandbalaklava.com.au//lines/primo-ham-leg-25-l-slt-100gm
Foodland Balaklava,2025-05-04 23:59:09,Primo 25% Less Salt Sliced Mild Salami,80g,was $4.15,$3.95,$49.38 per kg,https://foodlandbalaklava.com.au//lines/primo-sal-mld-25-l-slt-80gm
Foodland Balaklava,2025-05-04 23:59:09,Primo Air-Dried Salami Sticks Barbecue,90g,N/A,$6.85,$7.61 per 100g,https://foodlandbalaklava.com.au//lines/primo-a-dry-salmi-stk-bbq-90g
Foodland Balaklava,2025-05-04 23:59:09,Primo Arnott's Jatz & Extra Tasty Cheese,33g,was $3.55,$2.80,$84.85 per kg,https://foodlandbalaklava.com.au//lines/primo-chse-x-tsty-jatz-33gm
Foodland Balaklava,2025-05-04 23:59:09,Primo Cheese & Bacon Lovers Kabana Cheese & Shapes,50g,N/A,$4.75,$95.00 per kg,https://foodlandbalaklava.com.au//lines/primo-trio-chs-kab-cbac-50gm
Foodland Balaklava,2025-05-04 23:59:09,Primo Ham Champagne,4 x 100g,was $12.60,$10.00,$2.50 per 100g,https://foodlandbalaklava.com.au//lines/primo-ham-champagne-4-x-100g
Foodland Balaklava,2025-05-04 23:59:09,Primo Middle Rindless Bacon,250g,was $7.15,$5.70,$22.80 per kg,https://foodlandbalaklava.com.au//lines/primo-bacon-m-rasher-250gm
Foodland Balaklava,2025-05-04 23:59:09,Primo Reserve Pulled Chicken,130g,was $6.30,$5.75,$44.23 per kg,https://foodlandbalaklava.com.au//lines/primo-reserve-pulled-chkn130gm
Foodland Balaklava,2025-05-04 23:59:09,Primo Reserve Pulled Pork,130g,was $6.30,$5.75,$44.23 per kg,https://foodlandbalaklava.com.au//lines/primo-reserve-pulled-prk-130g
Foodland Balaklava,2025-05-04 23:59:09,Primo Reserve Roast BBQ Pork,130g,N/A,$6.30,$48.46 per kg,https://foodlandbalaklava.com.au//lines/primo-reserve-bbq-pork-130g
Foodland Balaklava,2025-05-04 23:59:09,Primo Reserve Tomato & Herb Chicken Schnitzel,130g,N/A,$6.30,$48.46 per kg,https://foodlandbalaklava.com.au//lines/primo-reserve-chkn-scntz-130g
Foodland Balaklava,2025-05-04 23:59:09,Primo Rindless Short Cut Bacon,175g,N/A,$7.05,$40.29 per kg,https://foodlandbalaklava.com.au//lines/primo-bacon-shrt-r-less-175gm
Foodland Balaklava,2025-05-04 23:59:09,Primo Salt Reduced Short Cut Rindless Bacon,200g,was $7.15,$5.70,$28.50 per kg,https://foodlandbalaklava.com.au//lines/primo-bacon-sh-cut-betr-200gm
Foodland Balaklava,2025-05-04 23:59:09,Primo Stackers Danish Salami Cheddar Cheese & Rice Crackers,45g,N/A,$4.75,$105.56 per kg,https://foodlandbalaklava.com.au//lines/primo-salami-r-crk-stacker45gm
Foodland Balaklava,2025-05-04 23:59:09,Primo Stackers Spicy Chorizo Cheddar Cheese & Crackers,50g,N/A,$4.75,$95.00 per kg,https://foodlandbalaklava.com.au//lines/primo-chorizo-spcy-stacker50gm
Foodland Balaklava,2025-05-04 23:59:09,"Primo Trio Ham, Cheese & Cheddar Cheese Crackers",50g,N/A,$4.77,$95.40 per kg,https://foodlandbalaklava.com.au//lines/primo-trio-chs-ham-chs-crk50gm
Foodland Balaklava,2025-05-04 23:59:09,Primo Trios Mild Salami Pretzels & Tasty Cheese,50g,N/A,$4.75,$95.00 per kg,https://foodlandbalaklava.com.au//lines/primo-trio-chs-mld-slt-prt50gm
Foodland Balaklava,2025-05-04 23:59:09,Primo Trios Twiggy And BBQ Rice Crackers And Tasty Cheese,N/A,N/A,$4.77,$95.40 per kg,https://foodlandbalaklava.com.au//lines/primo-trio-chs-twg-bbq-crk50gm
Foodland Balaklava,2025-05-04 23:59:09,Primo Turkey Breast,80g,was $4.15,$3.95,$49.38 per kg,https://foodlandbalaklava.com.au//lines/primo-turkey-brst-thn-slc-80gm
Foodland Balaklava,2025-05-04 23:59:09,Prinetti Fan Heater,2000W,was $25.00,$24.00,N/A,https://foodlandbalaklava.com.au//lines/prinetti-fan-heater-2000w
Foodland Balaklava,2025-05-04 23:59:09,Prinetti Hair Clipper,N/A,N/A,$13.00,N/A,https://foodlandbalaklava.com.au//lines/prinetti-hair-clipper-8pc
Foodland Balaklava,2025-05-04 23:59:09,Pringles Minis Original,95g,N/A,$4.20,$4.42 per 100g,https://foodlandbalaklava.com.au//lines/pringles-chips-orig-5x19gm
Foodland Balaklava,2025-05-04 23:59:09,Pro Live Original Probiotic Drink 5.​0x63ml,N/A,was $4.40,$3.80,$12.06 per L,https://foodlandbalaklava.com.au//lines/prolive-probio-drk-orig-5x63ml
Foodland Balaklava,2025-05-04 23:59:09,Proud & Punch Hazelnuts About Chocolate,N/A,N/A,$8.95,$2.13 per 100mL,https://foodlandbalaklava.com.au//lines/proud-pnch-m-p-choc-hzlnt-6s
Foodland Balaklava,2025-05-04 23:59:09,Proud & Punch Pining For Lime Coconut Pops,N/A,N/A,$8.95,$1.99 per 100mL,https://foodlandbalaklava.com.au//lines/proud-pnch-m-p-lme-coco-6s
Foodland Balaklava,2025-05-04 23:59:09,Providore Italian Vine Ripened Tomatoes With Red Chilli,400g,N/A,$6.30,$1.58 per 100g,https://foodlandbalaklava.com.au//lines/leggos-psta-sce-prv-tom-ch400g
Foodland Balaklava,2025-05-04 23:59:09,Providore Provincial Italian Tomatoes With Grilled Bell Peppers,400g,N/A,$6.30,$1.58 per 100g,https://foodlandbalaklava.com.au//lines/leggos-psta-sc-prv-tom-pep400g
Foodland Balaklava,2025-05-04 23:59:09,Pump Berry Storm Water Bottle,750mL,N/A,$4.35,$5.80 per L,https://foodlandbalaklava.com.au//lines/pump-berry-750ml
Foodland Balaklava,2025-05-04 23:59:10,Pump Lime Rush Water Bottle,750mL,N/A,$4.35,$5.80 per L,https://foodlandbalaklava.com.au//lines/pump-lime-750ml
Foodland Balaklava,2025-05-04 23:59:10,Pump Spring Water Bottle,1.25L,N/A,$3.85,$3.08 per L,https://foodlandbalaklava.com.au//lines/pump-pure-water-1-25l
Foodland Balaklava,2025-05-04 23:59:10,Pumped-Ko Pump Watermelon Hit Water Bottle,750mL,N/A,$4.35,$5.80 per L,https://foodlandbalaklava.com.au//lines/pump-watermelon-750ml
Foodland Balaklava,2025-05-04 23:59:10,Pura Double Thick Cream Dollop,300mL,N/A,$7.05,$2.35 per 100mL,https://foodlandbalaklava.com.au//lines/pura-cream-double-thick-300ml
Foodland Balaklava,2025-05-04 23:59:10,Pura Light Start T Bottle,3L,was $7.50,$6.30,$2.10 per L,https://foodlandbalaklava.com.au//lines/pura-light-start-3l
Foodland Balaklava,2025-05-04 23:59:10,Pura Thick Cream Dollop,300mL,N/A,$4.95,$1.65 per 100mL,https://foodlandbalaklava.com.au//lines/pura-cream-thick-300ml
Foodland Balaklava,2025-05-04 23:59:10,Pureharvest Organic Almond Unsweetened,1L,N/A,$4.99,$4.99 per L,https://foodlandbalaklava.com.au//lines/p-hrvst-org-uswt-al-mlk-gf-1lt
Foodland Balaklava,2025-05-04 23:59:10,Pureharvest Organic Oat Unsweetened,1L,N/A,$3.50,$3.50 per L,https://foodlandbalaklava.com.au//lines/p-harv-milk-org-oat-1l
Foodland Balaklava,2025-05-04 23:59:10,Pureharvest Organic Rice Syrup,500g,N/A,$4.00,$0.80 per 100g,https://foodlandbalaklava.com.au//lines/p-hrvst-org-syrup-rce-200g
Foodland Balaklava,2025-05-04 23:59:10,Purina Fancy Feast Inspirations Pet Food Chicken Multipack,12 x 70g,N/A,$19.95,$2.38 per 100g,https://foodlandbalaklava.com.au//lines/purina-f-fst-ins-chkn-12x70gm
Foodland Balaklava,2025-05-04 23:59:10,"Purina Fancy Feast Tuna, Prawn, Mackerel And Crab Adult Dry Cat Food",450g,N/A,$7.35,$1.63 per 100g,https://foodlandbalaklava.com.au//lines/purina-f-fst-tn-prw-mk-crb450g
Foodland Balaklava,2025-05-04 23:59:10,Purina Friskies Adult Indoor Delights Dry Cat Food,2.5kg,N/A,$15.50,$0.62 per 100g,https://foodlandbalaklava.com.au//lines/friskies-adult-indr-dlght2-5kg
Foodland Balaklava,2025-05-04 23:59:10,Purina Friskies Adult Meaty Grills,700g,N/A,$5.90,$0.84 per 100g,https://foodlandbalaklava.com.au//lines/friskies-adult-meaty-gril700gm
Foodland Balaklava,2025-05-04 23:59:10,Purina Friskies Adult Seafood Sensations,700g,N/A,$5.90,$0.84 per 100g,https://foodlandbalaklava.com.au//lines/friskies-adult-s-fd-sens-700g
Foodland Balaklava,2025-05-04 23:59:10,Purina Friskies Adult Seven Favourites,700g,N/A,$5.90,$0.84 per 100g,https://foodlandbalaklava.com.au//lines/friskies-adult-seven-700g
Foodland Balaklava,2025-05-04 23:59:10,"Purina Lucky Dog Adult Minced Beef, Vegetable And Marrowbone Flavour",3kg,was $11.55,$9.00,$0.30 per 100g,https://foodlandbalaklava.com.au//lines/purina-l-dog-bf-veg-mbone-3kg
Foodland Balaklava,2025-05-04 23:59:10,"Purina Lucky Dog Adult Minced Beef, Vegetable And Marrowbone Flavour",8kg,was $27.85,$23.00,$0.29 per 100g,https://foodlandbalaklava.com.au//lines/purina-l-dog-bf-veg-mbone-8kg
Foodland Balaklava,2025-05-04 23:59:10,Purina Lucky Dog Bones Original,800g,was $8.40,$8.00,$1.00 per 100g,https://foodlandbalaklava.com.au//lines/purina-l-dog-original-800g
Foodland Balaklava,2025-05-04 23:59:10,Purina One Adult Hairball Chicken Dry Cat Food Bag,1.4kg,was $21.00,$16.00,$1.14 per 100g,https://foodlandbalaklava.com.au//lines/purina-one-c-f-hrbl-chk-1-4kg
Foodland Balaklava,2025-05-04 23:59:10,Purina One Adult Healthy Weight Chicken Dry Cat Food Bag,1.4kg,was $21.00,$16.00,$1.14 per 100g,https://foodlandbalaklava.com.au//lines/purina-one-c-f-wght-chck-1-4kg
Foodland Balaklava,2025-05-04 23:59:10,Purina One Adult Indoor Chicken Dry Cat Food Bag,1.4kg,was $21.00,$16.00,$1.14 per 100g,https://foodlandbalaklava.com.au//lines/purina-one-c-f-indr-chck-1-4kg
Foodland Balaklava,2025-05-04 23:59:10,Purina One Adult Indoor Chicken Dry Cat Food Bag,2.8kg,was $33.60,$32.00,$1.14 per 100g,https://foodlandbalaklava.com.au//lines/purina-one-c-f-indr-chck-2-8kg
Foodland Balaklava,2025-05-04 23:59:10,Purina One Adult Mature 7+ Chicken Dry Cat Food Bag,1.4kg,was $21.00,$16.00,$1.14 per 100g,https://foodlandbalaklava.com.au//lines/purina-one-c-f-snr-7-1-4kg
Foodland Balaklava,2025-05-04 23:59:10,Purina One Adult Sensitive Salmon & Tuna Dry Cat Food Bag,1.4kg,was $21.00,$16.00,$1.14 per 100g,https://foodlandbalaklava.com.au//lines/purina-one-c-f-sens-slmn-1-4kg
Foodland Balaklava,2025-05-04 23:59:10,Purina One Adult Urinary Care Chicken Dry Cat Food Bag,1.4kg,was $21.00,$16.00,$1.14 per 100g,https://foodlandbalaklava.com.au//lines/purina-one-c-f-urnry-chck1-4kg
Foodland Balaklava,2025-05-04 23:59:10,Purina One Adult Urinary Care Chicken Dry Cat Food Bag,2.8kg,was $33.60,$32.00,$1.14 per 100g,https://foodlandbalaklava.com.au//lines/purina-one-c-f-urnry-chck2-8kg
Foodland Balaklava,2025-05-04 23:59:10,Purina One Mature Adult 7+ Dry Dog Food,2.5kg,was $23.10,$17.60,$0.70 per 100g,https://foodlandbalaklava.com.au//lines/purina-one-d-f-7-chic-2-5kg
Foodland Balaklava,2025-05-04 23:59:10,Purina One Puppy Dry Dog Food,2.5kg,was $23.10,$17.60,$0.70 per 100g,https://foodlandbalaklava.com.au//lines/purina-one-d-f-puppy-chic2-5kg
Foodland Balaklava,2025-05-04 23:59:10,Purina One® Adult Urinary Care With Chicken In Gravy Wet Cat Food Pouch,12 x 70g,N/A,$17.85,$2.12 per 100g,https://foodlandbalaklava.com.au//lines/purina-one-c-f-urnry-ch12x70gm
Foodland Balaklava,2025-05-04 23:59:10,Purina One® Coat & Hairball 1+ Years With Chicken In Gravy,70g,N/A,$1.90,$2.71 per 100g,https://foodlandbalaklava.com.au//lines/purina-one-c-f-hrbll-chk-70g
Foodland Balaklava,2025-05-04 23:59:10,Purina One® Healthy Adult 1+ With Ocean Fish In Gravy,70g,N/A,$1.90,$2.71 per 100g,https://foodlandbalaklava.com.au//lines/purina-one-c-f-ocn-fsh-70g
Foodland Balaklava,2025-05-04 23:59:10,"Purina One® Healthy Adult 1+​, With Chicken In Gravy",70g,N/A,$1.90,$2.71 per 100g,https://foodlandbalaklava.com.au//lines/purina-one-c-f-chicken-70g
Foodland Balaklava,2025-05-04 23:59:10,Purina One® Indoor Advantage Wet Cat Food With Chicken In Gravy,70g,N/A,$1.90,$2.71 per 100g,https://foodlandbalaklava.com.au//lines/purina-one-c-f-indor-chic-70g
Foodland Balaklava,2025-05-04 23:59:10,Purina One® Kitten With Succulent Chicken In Gravy Wet Pouch Cat Food,70g,N/A,$1.90,$2.71 per 100g,https://foodlandbalaklava.com.au//lines/purina-one-kitten-chic-70g
Foodland Balaklava,2025-05-04 23:59:10,Purina One® Mature 7+ With Chicken In Gravy,70g,N/A,$1.90,$2.71 per 100g,https://foodlandbalaklava.com.au//lines/purina-one-c-f-snr-7-chic70gm
Foodland Balaklava,2025-05-04 23:59:10,"Purina One® Urinary Care, 1+ Years, With Chicken In Gravy",70g,N/A,$1.90,$2.71 per 100g,https://foodlandbalaklava.com.au//lines/purina-one-c-f-urnry-chck-70g
Foodland Balaklava,2025-05-04 23:59:10,Purina Total Care Brush & Shine 2 In 1 For Dogs,N/A,N/A,$17.00,N/A,https://foodlandbalaklava.com.au//lines/t-care-brush-shine-1pk
Foodland Balaklava,2025-05-04 23:59:10,Purina Total Care Cuddlechews Dog Toy,N/A,was $18.00,$13.00,N/A,https://foodlandbalaklava.com.au//lines/t-care-toy-cuddlechew-1s
Foodland Balaklava,2025-05-04 23:59:10,Purina Total Care Deodorising Shampoo For Dogs Passionfruit Scent,350mL,was $16.80,$13.50,$38.57 per L,https://foodlandbalaklava.com.au//lines/t-care-dog-s-poo-detangle-350m
Foodland Balaklava,2025-05-04 23:59:10,Purina Total Care Flea & Lice Control Plus For Cats & Kittens Tube,0.5mL,N/A,$22.00,N/A,https://foodlandbalaklava.com.au//lines/t-care-flea-trt-cntrl-cat-1s
Foodland Balaklava,2025-05-04 23:59:10,Purina Total Care Flea & Tick Control Plus For Large Dogs (​20 - ) 1 X 2.​65ml Tube 2.​65ml,40kg,N/A,$23.00,N/A,https://foodlandbalaklava.com.au//lines/t-care-flea-tic-cntrl-lg-dg1s
Foodland Balaklava,2025-05-04 23:59:10,Purina Total Care Flea & Tick Control Plus For Medium Dogs (​10 - ) 1 X 1.​34ml Tube 1.​34ml,20kg,N/A,$22.00,N/A,https://foodlandbalaklava.com.au//lines/t-care-flea-tic-cntrl-md-dg1s
Foodland Balaklava,2025-05-04 23:59:10,Purina Total Care Flea & Tick Control Plus For Small Dogs (​Up To ) 1 X 0.​67ml Tube 0.​67ml,10kg,N/A,$21.00,N/A,https://foodlandbalaklava.com.au//lines/t-care-flea-tic-cntrl-sm-dg1s
Foodland Balaklava,2025-05-04 23:59:10,Purina Total Care Flea Control Shampoo For Dogs,350mL,was $17.85,$13.50,$38.57 per L,https://foodlandbalaklava.com.au//lines/total-care-s-poo-f-cntrl-350ml
Foodland Balaklava,2025-05-04 23:59:10,"Purina Total Care Heartwormer, Allwormer & Flea Control For Cats (​2.​6 - ) Pipette 7.​5kg",0.75mL,N/A,$23.00,N/A,https://foodlandbalaklava.com.au//lines/t-care-cat-flea-h-wrm-a-wrm1pk
Foodland Balaklava,2025-05-04 23:59:10,Purina Total Care Medicated Shampoo For Dogs,350mL,was $17.85,$13.50,$38.57 per L,https://foodlandbalaklava.com.au//lines/total-care-s-poo-medictd-350ml
Foodland Balaklava,2025-05-04 23:59:10,Purina Total Care Stretchy Grunter Dog Toy,N/A,was $16.50,$13.60,N/A,https://foodlandbalaklava.com.au//lines/t-care-toy-strtchy-grunter-1s
Foodland Balaklava,2025-05-04 23:59:10,Push Pop,15g,N/A,$1.90,$12.67 per 100g,https://foodlandbalaklava.com.au//lines/push-pop-15gm-1
Foodland Balaklava,2025-05-04 23:59:11,Puzzler Simply Sudoku,N/A,N/A,$6.95,N/A,https://foodlandbalaklava.com.au//lines/puzzler-simply-sudoku-1
Foodland Balaklava,2025-05-04 23:59:11,Puzzler Simply Word Fill-Ins,N/A,N/A,$6.95,N/A,https://foodlandbalaklava.com.au//lines/puzzler-simply-word-fill-ins-2
Foodland Balaklava,2025-05-04 23:59:11,Pyrex 1 Cup Glass Measuring Cup,N/A,N/A,$10.40,N/A,https://foodlandbalaklava.com.au//lines/pyrex-measuring-jug-250ml-2
Foodland Balaklava,2025-05-04 23:59:11,"Pyrex Easy Grab 9""​X13"" Oblong Glass Bakeware",N/A,N/A,$23.10,N/A,https://foodlandbalaklava.com.au//lines/pyrex-dish-oblong-baker-2-85l
Foodland Balaklava,2025-05-04 23:59:11,"Pyrex Easy Grab 9.​5"" Pie Plate Glass Bakeware",N/A,N/A,$11.55,N/A,https://foodlandbalaklava.com.au//lines/pyrex-pie-plate-24cm-2
Foodland Balaklava,2025-05-04 23:59:11,Queen 120 Year Anniversary Vanilla Extract,100mL,was $15.75,$12.35,$12.35 per 100mL,https://foodlandbalaklava.com.au//lines/queen-extrct-van-120yr-100ml
Foodland Balaklava,2025-05-04 23:59:11,Queen Col Letter & Number,58g,N/A,$5.25,$9.05 per 100g,https://foodlandbalaklava.com.au//lines/queen-col-letter-number-58g
Foodland Balaklava,2025-05-04 23:59:11,Queen Designer Icing White,140g,N/A,$4.75,$3.39 per 100g,https://foodlandbalaklava.com.au//lines/dr-oetker-icing-wht-des-140gm
Foodland Balaklava,2025-05-04 23:59:11,Queen Finest Madagascar Vanilla Bean Paste,50g,N/A,$10.50,$2.10 per 10g,https://foodlandbalaklava.com.au//lines/queen-madag-van-bean-past-50gm
Foodland Balaklava,2025-05-04 23:59:11,Queen Finest Single Origin Extract Madagascar,50mL,N/A,$8.40,N/A,https://foodlandbalaklava.com.au//lines/queen-extrct-madagas-van-50ml
Foodland Balaklava,2025-05-04 23:59:11,Queen Food Colouring Blue,50mL,N/A,$1.25,N/A,https://foodlandbalaklava.com.au//lines/queen-cake-colouring-blue-50ml
Foodland Balaklava,2025-05-04 23:59:11,Queen Food Colouring Green,50mL,N/A,$1.25,N/A,https://foodlandbalaklava.com.au//lines/queen-cake-colouring-green50ml
Foodland Balaklava,2025-05-04 23:59:11,Queen Food Colouring Multi Pack ) 28ml,4 x 7mL,was $3.95,$3.60,N/A,https://foodlandbalaklava.com.au//lines/queen-fd-colours-rainbow-4x7ml
Foodland Balaklava,2025-05-04 23:59:11,Queen Food Colouring Natural Rainbow Multi Pack ) 28ml,4 x 7mL,was $8.15,$7.55,N/A,https://foodlandbalaklava.com.au//lines/queen-fd-colour-natural-4x7ml
Foodland Balaklava,2025-05-04 23:59:11,Queen Food Colouring Red,50mL,N/A,$1.25,N/A,https://foodlandbalaklava.com.au//lines/queen-cake-color-p-boxred-50ml
Foodland Balaklava,2025-05-04 23:59:11,Queen Food Colouring Yellow,50mL,N/A,$1.25,N/A,https://foodlandbalaklava.com.au//lines/queen-cake-colouring-yello50ml
Foodland Balaklava,2025-05-04 23:59:11,Queen Glimmer & Shine Sprinkles,115g,was $4.40,$3.90,$3.39 per 100g,https://foodlandbalaklava.com.au//lines/queen-sprinkles-glmr-shn-115g
Foodland Balaklava,2025-05-04 23:59:11,Queen Hard Set Choc,200g,was $5.80,$4.65,$2.32 per 100mL,https://foodlandbalaklava.com.au//lines/queen-hardset-r-sug-choc-200g
Foodland Balaklava,2025-05-04 23:59:11,Queen Hard Set Honeycomb,200g,was $5.80,$4.65,$2.32 per 100mL,https://foodlandbalaklava.com.au//lines/queen-hardset-r-sug-hcmb-200g
Foodland Balaklava,2025-05-04 23:59:11,Queen Hot Choc Paste,200g,was $6.30,$3.10,$1.55 per 100g,https://foodlandbalaklava.com.au//lines/queen-hot-choc-pste-200g
Foodland Balaklava,2025-05-04 23:59:11,Queen Hot Choc Pste 99% Sf200g,N/A,was $6.30,$3.10,$1.55 per 100g,https://foodlandbalaklava.com.au//lines/queen-hot-choc-pste-99-sf200g
Foodland Balaklava,2025-05-04 23:59:11,Queen Icing Metallic Writing 5pk,105g,N/A,$5.50,$5.24 per 100g,https://foodlandbalaklava.com.au//lines/queen-icing-wrtng-metlc-105gm
Foodland Balaklava,2025-05-04 23:59:11,Queen Natural Almond Eztract,50mL,N/A,$2.65,$5.30 per 100mL,https://foodlandbalaklava.com.au//lines/queen-extrct-nat-almond-50ml
Foodland Balaklava,2025-05-04 23:59:11,Queen Natural Essence Vanilla,100mL,was $7.35,$6.60,$6.60 per 100mL,https://foodlandbalaklava.com.au//lines/queen-ess-nat-vanilla-100ml
Foodland Balaklava,2025-05-04 23:59:11,Queen Natural Lemon Extract,50mL,N/A,$2.65,$5.30 per 100mL,https://foodlandbalaklava.com.au//lines/queen-extrct-nat-lemon-50ml
Foodland Balaklava,2025-05-04 23:59:11,Queen Natural Rose Extract,50mL,N/A,$2.65,$5.30 per 100mL,https://foodlandbalaklava.com.au//lines/queen-extrct-nat-rose-50ml
Foodland Balaklava,2025-05-04 23:59:11,Queen Natural Vanilla Paste,80g,N/A,$6.85,$8.56 per 100g,https://foodlandbalaklava.com.au//lines/queen-nat-vanilla-paste-80g
Foodland Balaklava,2025-05-04 23:59:11,Queen Organic Vanilla Bean Paste,140g,N/A,$17.35,$1.24 per 10g,https://foodlandbalaklava.com.au//lines/queen-van-bean-pst-tube-140gm
Foodland Balaklava,2025-05-04 23:59:11,Queen Ready To Roll Icing,600g,N/A,$6.30,$1.05 per 100g,https://foodlandbalaklava.com.au//lines/dr-oetker-icing-r2r-wht-600gm
Foodland Balaklava,2025-05-04 23:59:11,Queen Ready To Roll Rainbow Icing,625g,N/A,$8.95,$1.43 per 100g,https://foodlandbalaklava.com.au//lines/queen-icing-r-r-rainbow-625gm
Foodland Balaklava,2025-05-04 23:59:11,Queen Vanilla Bean Pods Vanilla 2pk,N/A,N/A,$8.40,$21.00 per 10g,https://foodlandbalaklava.com.au//lines/queen-vanilla-bean-pods-4g
Foodland Balaklava,2025-05-04 23:59:11,Queen Vanilla Extract - Sugar Free And Alcohol Free,100mL,N/A,$9.45,$9.45 per 100mL,https://foodlandbalaklava.com.au//lines/queen-extrct-van-s-f-a-f-100ml
Foodland Balaklava,2025-05-04 23:59:11,Queen Vanilla Extract Natural Concentrate,50mL,was $7.75,$6.40,$12.80 per 100mL,https://foodlandbalaklava.com.au//lines/queen-extrct-conc-nat-van-50ml
Foodland Balaklava,2025-05-04 23:59:11,Queen Writing Icing 5 Pack,105g,N/A,$5.50,$5.24 per 100g,https://foodlandbalaklava.com.au//lines/queen-icing-wrtng-colors-105gm
Foodland Balaklava,2025-05-04 23:59:11,Quell Smoke Alarm,N/A,N/A,$25.20,N/A,https://foodlandbalaklava.com.au//lines/quell-smoke-alarm-bedroom-hall-1
Foodland Balaklava,2025-05-04 23:59:11,Quick Eze Original Tablet Rapid Heartburn & Indigestion Relief 12 Pack,29g,N/A,$3.70,$12.76 per 100g,https://foodlandbalaklava.com.au//lines/quick-eze-regular-single
Foodland Balaklava,2025-05-04 23:59:11,Quick Eze Original Tablet Rapid Heartburn & Indigestion Relief 5x12 Pack,147g,N/A,$12.60,$8.63 per 100g,https://foodlandbalaklava.com.au//lines/quick-eze-regular-5pack
Foodland Balaklava,2025-05-04 23:59:11,Quick Eze Peppermint Chewy Rapid Heartburn & Indigestion Relief 3x8 Pack,120g,N/A,$9.45,$23.62 per 100g,https://foodlandbalaklava.com.au//lines/quick-eze-chewy-mp3
Foodland Balaklava,2025-05-04 23:59:11,Quick Eze Peppermint Chewy Rapid Heartburn & Indigestion Relief 8 Pack 8pk,N/A,was $3.70,$3.10,$7.75 per 100g,https://foodlandbalaklava.com.au//lines/quick-eze-chewy-40gm
Foodland Balaklava,2025-05-04 23:59:11,Quilton T/​Roll 3ply Ecoply10pk,N/A,was $9.35,$8.40,$0.47 per 100 Sheets,https://foodlandbalaklava.com.au//lines/quilton-t-roll-3ply-ecoply10pk
Foodland Balaklava,2025-05-04 23:59:11,Quilton T/​Rolls Gold 4ply 6pk,N/A,was $6.10,$4.50,$0.54 per 100 Sheets,https://foodlandbalaklava.com.au//lines/quilton-t-rolls-gold-4ply-6pk
Foodland Balaklava,2025-05-04 23:59:11,Quilton Tissue Whte 3ply,N/A,was $2.65,$2.35,$2.14 Units100,https://foodlandbalaklava.com.au//lines/quilton-tissue-whte-3ply-110s
Foodland Balaklava,2025-05-04 23:59:11,Quilton Towel Absrba 4p 3pk,N/A,N/A,$5.15,$2.86 per 100 Sheets,https://foodlandbalaklava.com.au//lines/quilton-towel-absrba-4p-3pk
Foodland Balaklava,2025-05-04 23:59:11,Quorn M/​Fr Butter Chicken,350g,N/A,$9.50,$2.04 per 100g,https://foodlandbalaklava.com.au//lines/quorn-m-fr-butter-chicken-350gm
Foodland Balaklava,2025-05-04 23:59:11,Quorn Meat-Free Cheese & Spinach Schnitzels,240g,was $7.00,$5.75,$2.40 per 100g,https://foodlandbalaklava.com.au//lines/quorn-schnitzel-chk-chs-spinach-240gm8
Foodland Balaklava,2025-05-04 23:59:11,Quorn Meat-Free Chicken Pieces,300g,was $7.50,$5.75,$19.17 per kg,https://foodlandbalaklava.com.au//lines/quorn-pieces-300gm
Foodland Balaklava,2025-05-04 23:59:11,Quorn Meat-Free Crunchy Nuggets,280g,was $7.00,$5.75,$2.05 per kg,https://foodlandbalaklava.com.au//lines/quorn-vegan-nuggets-280gm
Foodland Balaklava,2025-05-04 23:59:11,Quorn Meat-Free Mince,300g,was $7.00,$5.75,$19.17 per kg,https://foodlandbalaklava.com.au//lines/quorn-mince-300gm
Foodland Balaklava,2025-05-04 23:59:12,Quorn Meat-Free Sausages,336g,was $7.00,$5.75,$1.71 per 100g,https://foodlandbalaklava.com.au//lines/quorn-sausages-336gm
Foodland Balaklava,2025-05-04 23:59:12,R/​Fresh Baby Spinach,200g,N/A,$4.30,$2.15 per 100g,https://foodlandbalaklava.com.au//lines/r-fresh-baby-spinach-200gm
Foodland Balaklava,2025-05-04 23:59:12,R/​Tractor Oats Rolled Aus,1kg,N/A,$6.75,$0.68 per 100g,https://foodlandbalaklava.com.au//lines/red-tractor-rolled-oats-1kg
Foodland Balaklava,2025-05-04 23:59:12,Radiant 3 In 1 Active Clean,N/A,was $23.10,$13.00,$0.46 Each,https://foodlandbalaklava.com.au//lines/radiant-liq-caps-act-cln-28s
Foodland Balaklava,2025-05-04 23:59:12,Radiant All In One Coloured Mix Fabric Detergent,1L,was $11.55,$7.50,$7.50 per L,https://foodlandbalaklava.com.au//lines/radiant-fbric-liq-mxd-col-1l
Foodland Balaklava,2025-05-04 23:59:12,Radiant Brilliant Whites Sharper Colours Laundry Liquid,4L,was $31.50,$23.00,$5.75 per L,https://foodlandbalaklava.com.au//lines/radiant-laun-liq-whte-colur-4l
Foodland Balaklava,2025-05-04 23:59:12,Radiant Fabric Liquid Mixed Colours,2L,was $21.00,$12.00,$6.00 per L,https://foodlandbalaklava.com.au//lines/radiant-fbric-liq-mxd-col-2l
Foodland Balaklava,2025-05-04 23:59:12,Radiant Fbric Liq Softnr,1.8L,was $21.00,$12.00,$6.67 per L,https://foodlandbalaklava.com.au//lines/radiant-fbric-liq-softnr-1-8l
Foodland Balaklava,2025-05-04 23:59:12,Radiant Fbric Liq Wht & Col,2L,was $21.00,$12.00,$6.00 per L,https://foodlandbalaklava.com.au//lines/radiant-fbric-liq-wht-col-2l
Foodland Balaklava,2025-05-04 23:59:12,Radiant Whites & Colours,1L,was $11.55,$7.50,$7.50 per L,https://foodlandbalaklava.com.au//lines/radiant-fbric-liq-wht-col-1l
Foodland Balaklava,2025-05-04 23:59:12,Radiant Whites & Colours Fabric Powder,2kg,was $21.00,$12.00,$6.00 per kg,https://foodlandbalaklava.com.au//lines/radiant-fbrc-pdr-wht-col-2kg
Foodland Balaklava,2025-05-04 23:59:12,Radish Chinese,N/A,N/A,$4.50,N/A,https://foodlandbalaklava.com.au//lines/radish-bunch
Foodland Balaklava,2025-05-04 23:59:12,Radox Bath Salt Muscle Relax,900g,was $10.90,$9.60,$1.07 per 100g,https://foodlandbalaklava.com.au//lines/radox-bath-salt-mscl-rlx-900gm
Foodland Balaklava,2025-05-04 23:59:12,Radox Body Wash Feel Heavenly,1L,was $12.60,$9.00,$0.90 per 100mL,https://foodlandbalaklava.com.au//lines/radox-shwr-gel-cocont-rsh-1l
Foodland Balaklava,2025-05-04 23:59:12,Raffaello Coconut And Almond Gift Box 15 Pieces (​150g),150g,was $12.60,$8.25,$5.50 per 100g,https://foodlandbalaklava.com.au//lines/ferrero-raffaello-t15-150gm
Foodland Balaklava,2025-05-04 23:59:12,Rafferty Ppods Chse Vitb,40g,N/A,$4.20,$10.50 per 100g,https://foodlandbalaklava.com.au//lines/rafferty-ppods-chse-vitb-40g
Foodland Balaklava,2025-05-04 23:59:12,Rafferty Ppods Orig,40g,N/A,$4.20,$10.50 per 100g,https://foodlandbalaklava.com.au//lines/rafferty-ppods-orig-40g
Foodland Balaklava,2025-05-04 23:59:12,"Rafferty's Garden Apple, Banana & Peach Smooth",120g,was $2.25,$2.00,$1.67 per 100g,https://foodlandbalaklava.com.au//lines/rafferty-gdn-ap-bn-pc4m-120gm
Foodland Balaklava,2025-05-04 23:59:12,"Rafferty's Garden Apple, Pear & Cinnamon Smooth",120g,was $2.25,$2.00,$1.67 per 100g,https://foodlandbalaklava.com.au//lines/rafferty-apl-pear-cinnamn120gm
Foodland Balaklava,2025-05-04 23:59:12,"Rafferty's Garden Banana, Pear & Mango Smooth",120g,was $2.25,$2.00,$1.67 per 100g,https://foodlandbalaklava.com.au//lines/rafferty-pear-mango-puree120gm
Foodland Balaklava,2025-05-04 23:59:12,Rafferty's Garden Blueberry & Banana Custard,120g,was $2.25,$2.00,$1.67 per 100g,https://foodlandbalaklava.com.au//lines/raffertys-cust-bbry-ban-120gm
Foodland Balaklava,2025-05-04 23:59:12,"Rafferty's Garden Chicken, Vegetables & Rice",120g,was $2.25,$2.00,$1.67 per 100g,https://foodlandbalaklava.com.au//lines/rafferty-chk-veg-rce-120gm
Foodland Balaklava,2025-05-04 23:59:12,"Rafferty's Garden Chickpea, Corn & Carrot",120g,was $2.25,$2.00,$1.67 per 100g,https://foodlandbalaklava.com.au//lines/rafferty-chkpea-crn-crt-120gm
Foodland Balaklava,2025-05-04 23:59:12,Rafferty's Garden Coconut Cacao Little Smoothies Pouch,120g,was $3.00,$2.50,$2.08 per 100g,https://foodlandbalaklava.com.au//lines/raffertys-smth-coco-caca-120gm
Foodland Balaklava,2025-05-04 23:59:12,Rafferty's Garden Fruit Bar Apple& Raspberry M+,128g,was $5.80,$5.00,$3.91 per 100g,https://foodlandbalaklava.com.au//lines/rafferty-snk-bar-apl-rasp128gm
Foodland Balaklava,2025-05-04 23:59:12,Rafferty's Garden Fruit Snack Bar Banana 8 Pack,N/A,was $5.80,$5.00,$3.91 per 100g,https://foodlandbalaklava.com.au//lines/rafferty-frt-bar-ban-12-128gm
Foodland Balaklava,2025-05-04 23:59:12,Rafferty's Garden My First Apple 4+ Months,120g,was $2.25,$2.00,$1.67 per 100g,https://foodlandbalaklava.com.au//lines/rafferty-gdn-apple-myfst-120g
Foodland Balaklava,2025-05-04 23:59:12,Rafferty's Garden My First Pear 4+ Months,120g,was $2.25,$2.00,$1.67 per 100g,https://foodlandbalaklava.com.au//lines/rafferty-gdn-pear-myfst-120g
Foodland Balaklava,2025-05-04 23:59:12,Rafferty's Garden Old Fashioned Chocolate Custard,120g,was $2.25,$2.00,$1.67 per 100g,https://foodlandbalaklava.com.au//lines/rafferty-choc-cust-o-f-120gm
Foodland Balaklava,2025-05-04 23:59:12,Rafferty's Garden Pear & Prune,120g,was $2.25,$2.00,$1.67 per 100g,https://foodlandbalaklava.com.au//lines/rafferty-pear-prune-120gm
Foodland Balaklava,2025-05-04 23:59:12,Rafferty's Garden Premium Baby Food Sweet Potato + Carrot + Apple,120g,was $2.25,$2.00,$1.67 per 100g,https://foodlandbalaklava.com.au//lines/rafferty-swt-pot-car-apl-120gm
Foodland Balaklava,2025-05-04 23:59:12,Rafferty's Garden Strawberry & Vanilla Custard,120g,was $2.25,$2.00,$1.67 per 100g,https://foodlandbalaklava.com.au//lines/rafferty-cust-sbry-van-6m120gm
Foodland Balaklava,2025-05-04 23:59:12,Rafferty's Garden Vanilla Custard,120g,was $2.25,$2.00,$1.67 per 100g,https://foodlandbalaklava.com.au//lines/rafferty-gdn-van-cust-6m-120g
Foodland Balaklava,2025-05-04 23:59:12,Rafferty's Garden Yohurt Buttons Mixed Berry,28g,N/A,$6.30,$22.50 per 100g,https://foodlandbalaklava.com.au//lines/rafferty-gdn-ygt-mx-berry-28gm
Foodland Balaklava,2025-05-04 23:59:12,Raffertys Smth Coco Grn,120g,was $3.00,$2.50,$2.08 per 100g,https://foodlandbalaklava.com.au//lines/raffertys-smth-coco-grn-120gm
Foodland Balaklava,2025-05-04 23:59:12,Rafferty’​S Garden Apple & Cinnamon Bars,90g,was $5.80,$5.00,$5.56 per 100g,https://foodlandbalaklava.com.au//lines/rafferty-bar-apl-cin-90g
Foodland Balaklava,2025-05-04 23:59:12,Rafferty’​S Garden Banana & Pumpkin Teething Wafers,60g,was $4.75,$4.00,$6.67 per 100g,https://foodlandbalaklava.com.au//lines/rafferty-wfr-teeth-ban-pmp60gm
Foodland Balaklava,2025-05-04 23:59:12,Rafferty’​S Garden Blueberry & Banana Teething Wafers,60g,was $4.75,$4.00,$6.67 per 100g,https://foodlandbalaklava.com.au//lines/rafferty-wfr-teeth-blu-ban60gm
Foodland Balaklava,2025-05-04 23:59:12,Rafferty’​S Garden Coconut Berry Little Smoothies Pouch,120g,was $3.00,$2.50,$2.08 per 100g,https://foodlandbalaklava.com.au//lines/raffertys-smth-coco-bry-120gm
Foodland Balaklava,2025-05-04 23:59:12,Rafferty’​S Garden Strawberry & Chia Bar,90g,was $5.80,$5.00,$5.56 per 100g,https://foodlandbalaklava.com.au//lines/rafferty-bar-sbry-chia-90g
Foodland Balaklava,2025-05-04 23:59:12,Raguletto Red Wine & Garlic Bolognese Sauce,500g,N/A,$2.70,$0.54 per 100g,https://foodlandbalaklava.com.au//lines/ragulet-p-sce-rd-wne-garl500gm-2
Foodland Balaklava,2025-05-04 23:59:12,Raid Max Ant Killer Surface Spray,375g,N/A,$14.20,$3.79 per 100g,https://foodlandbalaklava.com.au//lines/raid-max-ant-killer-375gm
Foodland Balaklava,2025-05-04 23:59:12,Raid Max Antibacterial Fast Kill Crawling Insect Killer Spray,350g,N/A,$15.75,$4.50 per 100g,https://foodlandbalaklava.com.au//lines/raid-max-cik-a-bac-350gm
Foodland Balaklava,2025-05-04 23:59:12,Raid Max Cockroach Child Resistant Bait Station,12 x 30g,N/A,$12.80,$1.07 Each,https://foodlandbalaklava.com.au//lines/raid-cockroach-baits-12s
Foodland Balaklava,2025-05-04 23:59:12,Raid Max Flying Insect Killer With Double Nozzle Technology,300g,N/A,$13.65,$4.55 per 100g,https://foodlandbalaklava.com.au//lines/raid-max-insect-fik-kller300gm
Foodland Balaklava,2025-05-04 23:59:12,Raid Max Multi Insect Killer With Double Nozzle Technology,300g,N/A,$13.65,$4.55 per 100mL,https://foodlandbalaklava.com.au//lines/raid-max-m-insect-killer-300gm
Foodland Balaklava,2025-05-04 23:59:12,Raid One Shot Pest Fik Odourless,220g,N/A,$7.25,$3.30 per 100g,https://foodlandbalaklava.com.au//lines/raid-one-shot-fik-o-less-220gm
Foodland Balaklava,2025-05-04 23:59:12,Raid One Shot Pest Surface Odourless Crawling Insect Spray,375g,N/A,$12.60,$3.36 per 100g,https://foodlandbalaklava.com.au//lines/raid-one-shot-cik-o-less-375gm
Foodland Balaklava,2025-05-04 23:59:13,Raid Pest Exterminator Bug & Insect Bomb,160g,N/A,$15.75,$3.28 per 100g,https://foodlandbalaklava.com.au//lines/raid-control-bombs-3pk-160gm
Foodland Balaklava,2025-05-04 23:59:13,Raid Pest Mik One Shot Odourless,220g,N/A,$7.25,$3.30 per 100g,https://foodlandbalaklava.com.au//lines/raid-one-shot-mik-o-less-220gm
Foodland Balaklava,2025-05-04 23:59:13,Rainbow Magic Spring Toy,N/A,N/A,$2.10,N/A,https://foodlandbalaklava.com.au//lines/spring-rainbow-magic-5cm
Foodland Balaklava,2025-05-04 23:59:13,Rama Original Spread,500g,was $4.80,$2.90,$0.58 per 100g,https://foodlandbalaklava.com.au//lines/rama-sprd-original-500gm
Foodland Balaklava,2025-05-04 23:59:13,Raspberry Drink With Surprise,250mL,N/A,$2.99,$1.20 per 100mL,https://foodlandbalaklava.com.au//lines/raspberry-drink-with-surprise-250ml
Foodland Balaklava,2025-05-04 23:59:13,Ratsak Double Strength,350g,N/A,$10.30,$2.94 per 100g,https://foodlandbalaklava.com.au//lines/ratsak-double-strength-350gm
Foodland Balaklava,2025-05-04 23:59:13,Ratsak Rat Poison,100g,N/A,$9.45,$9.45 per 100g,https://foodlandbalaklava.com.au//lines/ratsak-f-action-throw-pk-100g
Foodland Balaklava,2025-05-04 23:59:13,Raw Lobster Tail,N/A,N/A,$15.00,N/A,https://foodlandbalaklava.com.au//lines/raw-lobster-tail-1
Foodland Balaklava,2025-05-04 23:59:13,Raw Pet Mince For Puppy,800g,N/A,$9.35,$1.17 per 100g,https://foodlandbalaklava.com.au//lines/raw-pet-mince-for-puppy-800gm
Foodland Balaklava,2025-05-04 23:59:13,Razz Matazz Ladder Resist Tights,N/A,was $6.30,$3.00,N/A,https://foodlandbalaklava.com.au//lines/razz-p-hse-ladr-res-nat-tl-1pk-1
Foodland Balaklava,2025-05-04 23:59:13,Razz Matazz Light Slimming Brief With Sheer Matte Leg,N/A,was $8.40,$4.00,N/A,https://foodlandbalaklava.com.au//lines/razza-light-slim-tan-xtall-2pk-1
Foodland Balaklava,2025-05-04 23:59:13,Razz Matazz Tan Knee-Hi,N/A,was $5.25,$3.50,N/A,https://foodlandbalaklava.com.au//lines/razz-value-kneehi-tan-s1-2pk-2
Foodland Balaklava,2025-05-04 23:59:13,Razz P/​Hse Ladr Res Nat Xt 1pk,N/A,was $6.30,$3.00,N/A,https://foodlandbalaklava.com.au//lines/razz-p-hse-ladr-res-nat-xt-1pk
Foodland Balaklava,2025-05-04 23:59:13,Razz Value Anklet Tan 2pk,N/A,was $3.15,$2.10,N/A,https://foodlandbalaklava.com.au//lines/razz-value-anklet-tan-2pk-1
Foodland Balaklava,2025-05-04 23:59:13,Razza Light Slim Black Ave 2pk,N/A,was $8.40,$4.00,N/A,https://foodlandbalaklava.com.au//lines/razza-light-slim-blk-ave-2pk
Foodland Balaklava,2025-05-04 23:59:13,Razza Light Slim Blk Tall 2pk,N/A,was $8.40,$4.00,N/A,https://foodlandbalaklava.com.au//lines/razza-light-slim-cntrl-bl-t2pk
Foodland Balaklava,2025-05-04 23:59:13,Razza Light Slim Blk Xl 2pk,N/A,was $8.40,$4.00,N/A,https://foodlandbalaklava.com.au//lines/razza-light-slim-blk-xl-2pk-1
Foodland Balaklava,2025-05-04 23:59:13,Razza Matazz 40 Reiner Black Opaque Tights Size Tall To X-Tall,N/A,was $8.40,$4.00,N/A,https://foodlandbalaklava.com.au//lines/razz-tight-black-40d-tl-xt-3
Foodland Balaklava,2025-05-04 23:59:13,Razza Matazz Sheer Knee-Hi,N/A,was $5.25,$3.50,N/A,https://foodlandbalaklava.com.au//lines/razz-value-kneehi-nat-s1-2pk-2
Foodland Balaklava,2025-05-04 23:59:13,Razza Mattaz Light Hosiery With Slimming Brief,N/A,was $8.40,$4.00,N/A,https://foodlandbalaklava.com.au//lines/razza-light-slim-tan-tall-2pk-1
Foodland Balaklava,2025-05-04 23:59:13,Razza Mattaz Sheer Knee Hi,N/A,was $5.25,$3.50,N/A,https://foodlandbalaklava.com.au//lines/razz-value-kneehi-black-s1-2pk-2
Foodland Balaklava,2025-05-04 23:59:13,Razza-Matazz Washbag Hosiery & Lingerie,N/A,was $7.83,$5.60,N/A,https://foodlandbalaklava.com.au//lines/bonds-washbag-hosiery-lingerie-1
Foodland Balaklava,2025-05-04 23:59:13,Razzamatazz Opaque Tights (​H80077),N/A,was $8.40,$4.00,N/A,https://foodlandbalaklava.com.au//lines/razz-tight-black-40d-av-tl-3
Foodland Balaklava,2025-05-04 23:59:13,Reading Sunglasses +​1.​50,N/A,N/A,$11.99,N/A,https://foodlandbalaklava.com.au//lines/reading-sunglasses-1-50-1
Foodland Balaklava,2025-05-04 23:59:13,Reading Sunglasses +​1.​50,N/A,N/A,$11.99,N/A,https://foodlandbalaklava.com.au//lines/reading-sunglasses-1-50-2
Foodland Balaklava,2025-05-04 23:59:13,Reading Sunglasses +​1.​50,N/A,N/A,$11.99,N/A,https://foodlandbalaklava.com.au//lines/reading-sunglasses-1-50-3
Foodland Balaklava,2025-05-04 23:59:13,Reading Sunglasses +​1.​50,N/A,N/A,$17.99,N/A,https://foodlandbalaklava.com.au//lines/reading-sunglasses-1-50-6
Foodland Balaklava,2025-05-04 23:59:13,Reading Sunglasses +​2.​50,N/A,N/A,$11.99,N/A,https://foodlandbalaklava.com.au//lines/reading-sunglasses-2-50
Foodland Balaklava,2025-05-04 23:59:13,Reading Sunglasses +​2.​50,N/A,N/A,$11.99,N/A,https://foodlandbalaklava.com.au//lines/reading-sunglasses-2-50-2
Foodland Balaklava,2025-05-04 23:59:13,Reading Sunglasses +​2.​50,N/A,N/A,$11.99,N/A,https://foodlandbalaklava.com.au//lines/reading-sunglasses-2-50-3
Foodland Balaklava,2025-05-04 23:59:13,Reading Sunglasses +​2.​50,N/A,N/A,$11.99,N/A,https://foodlandbalaklava.com.au//lines/reading-sunglasses-2-50-4
Foodland Balaklava,2025-05-04 23:59:13,Reading Sunglasses +​2.​50,N/A,N/A,$17.99,N/A,https://foodlandbalaklava.com.au//lines/reading-sunglasses-2-50-8
Foodland Balaklava,2025-05-04 23:59:13,Reading Sunglasses +​3.​00,N/A,N/A,$11.99,N/A,https://foodlandbalaklava.com.au//lines/reading-sunglasses-3-00-2
Foodland Balaklava,2025-05-04 23:59:13,Real Cheese Cheddar Block,500g,was $11.85,$9.80,$19.60 per kg,https://foodlandbalaklava.com.au//lines/real-cheese-tasty-block-500gm
Foodland Balaklava,2025-05-04 23:59:13,Real Cheese Tasty Cheddar Block,250g,was $6.90,$5.90,$23.60 per kg,https://foodlandbalaklava.com.au//lines/real-cheese-tasty-block-250gm
Foodland Balaklava,2025-05-04 23:59:13,Real Cheese Tasty Cheddar Slices,250g,was $7.00,$5.90,$23.60 per kg,https://foodlandbalaklava.com.au//lines/real-chse-tsty-slc-250gm
Foodland Balaklava,2025-05-04 23:59:13,Real Chse Tsty Slc,500g,was $11.85,$10.00,$20.00 per kg,https://foodlandbalaklava.com.au//lines/real-chse-tsty-slc-500gm
Foodland Balaklava,2025-05-04 23:59:13,Real Foods Corn Thins Popped Organic With Sesame,150g,N/A,$2.20,$1.47 per 100g,https://foodlandbalaklava.com.au//lines/real-corn-thins-sesame-150gm
Foodland Balaklava,2025-05-04 23:59:13,Real Foods Corn Thins Sour Cream & Chives,125g,N/A,$2.20,$1.76 per 100g,https://foodlandbalaklava.com.au//lines/real-corn-thins-sr-c-chv-125g
Foodland Balaklava,2025-05-04 23:59:13,Real Foods Corn Thins Soy Linseed,150g,N/A,$2.20,$1.47 per 100g,https://foodlandbalaklava.com.au//lines/real-corn-thins-soy-lnsd-150gm
Foodland Balaklava,2025-05-04 23:59:13,Really Juice Lemon Juice,285mL,N/A,$6.80,$2.39 per 100mL,https://foodlandbalaklava.com.au//lines/really-juice-sqz-lemon-285ml
Foodland Balaklava,2025-05-04 23:59:13,Red Bull Energy Blubry,250mL,was $3.40,$2.75,$11.00 per L,https://foodlandbalaklava.com.au//lines/red-bull-energy-blubry-250ml-1
Foodland Balaklava,2025-05-04 23:59:13,Red Bull Energy Drink,4 x 473mL,N/A,$19.70,$10.41 per L,https://foodlandbalaklava.com.au//lines/red-bull-energy-drink-4x473ml
Foodland Balaklava,2025-05-04 23:59:13,Red Bull Energy Drink,8 x 250mL,was $22.05,$16.50,$8.25 per L,https://foodlandbalaklava.com.au//lines/red-bull-energy-drk-8x250ml
Foodland Balaklava,2025-05-04 23:59:13,Red Bull Energy Drink Bottle,330mL,was $4.75,$4.10,$12.42 per L,https://foodlandbalaklava.com.au//lines/red-bull-energy-drink-btl330ml
Foodland Balaklava,2025-05-04 23:59:13,Red Bull Energy Drink Can,355mL,was $4.50,$3.90,$10.99 per L,https://foodlandbalaklava.com.au//lines/red-bull-energy-drink-355ml-1
Foodland Balaklava,2025-05-04 23:59:13,Red Bull Energy Drink Can,473mL,N/A,$5.65,$11.95 per L,https://foodlandbalaklava.com.au//lines/red-bull-energy-drink-473ml-1
Foodland Balaklava,2025-05-04 23:59:13,Red Bull Energy Drink Sugar Free,4 x 250mL,N/A,$12.50,$12.50 per L,https://foodlandbalaklava.com.au//lines/red-bull-energy-s-free-4x250ml
Foodland Balaklava,2025-05-04 23:59:14,Red Bull Energy Drink Sugar Free Can,473mL,N/A,$5.65,$11.95 per L,https://foodlandbalaklava.com.au//lines/red-bull-energy-s-free-473ml
Foodland Balaklava,2025-05-04 23:59:14,Red Bull Energy Drink Sugar Free Coconut Edition,250mL,was $3.40,$2.75,$11.00 per L,https://foodlandbalaklava.com.au//lines/red-bull-energy-coco-sf-250ml
Foodland Balaklava,2025-05-04 23:59:14,"Red Bull Energy Drink The Berry Edition, (​4 Pack)",4 x 250mL,N/A,$12.50,$12.50 per L,https://foodlandbalaklava.com.au//lines/red-bull-energy-drink-4x250ml
Foodland Balaklava,2025-05-04 23:59:14,Red Bull Energy Drink The Red Edition Can,250mL,N/A,$3.40,$13.60 per L,https://foodlandbalaklava.com.au//lines/red-bull-energy-red-cn-250ml
Foodland Balaklava,2025-05-04 23:59:14,Red Bull Energy Drink Zero,4 x 250mL,N/A,$12.50,$12.50 per L,https://foodlandbalaklava.com.au//lines/red-bull-energy-zero-4x250ml
Foodland Balaklava,2025-05-04 23:59:14,"Red Bull Energy Drink,",250mL,was $3.40,$2.75,$11.00 per L,https://foodlandbalaklava.com.au//lines/red-bull-energy-drink-cn-250ml-1
Foodland Balaklava,2025-05-04 23:59:14,"Red Bull Energy Drink, Sugar Free",250mL,was $3.40,$2.75,$11.00 per L,https://foodlandbalaklava.com.au//lines/red-bull-enrgy-sug-free-250ml
Foodland Balaklava,2025-05-04 23:59:14,"Red Bull Energy Drink, The Tropical Edition,",250mL,was $3.40,$2.75,$11.00 per L,https://foodlandbalaklava.com.au//lines/red-bull-summer-tropical-250ml
Foodland Balaklava,2025-05-04 23:59:14,Red Bull The Berry Edition Energy Drink Sugarfree Forests Fruits Flavour,250mL,was $3.40,$2.75,$11.00 per L,https://foodlandbalaklava.com.au//lines/red-bull-berry-sf-edtn-250ml
Foodland Balaklava,2025-05-04 23:59:14,Red Bull Winter Edition Energy Drink Iced Vanilla Berry,250mL,was $3.40,$2.75,$11.00 per L,https://foodlandbalaklava.com.au//lines/red-bull-winter-van-bry-250ml
Foodland Balaklava,2025-05-04 23:59:14,Red Island Extra Virgin Olive Oil,250mL,N/A,$7.35,$2.94 per 100mL,https://foodlandbalaklava.com.au//lines/red-island-olive-oil-250ml
Foodland Balaklava,2025-05-04 23:59:14,Red Island Extra Virgin Olive Oil,3L,N/A,$63.00,$21.00 per L,https://foodlandbalaklava.com.au//lines/red-island-o-oil-x-virgin-3l
Foodland Balaklava,2025-05-04 23:59:14,Red Island Extra Virgin Olive Oil,500mL,N/A,$13.00,$2.60 per 100mL,https://foodlandbalaklava.com.au//lines/red-island-o-oil-x-virgin500ml
Foodland Balaklava,2025-05-04 23:59:14,Red Rock Deli Biscuit Crackers Platter Pack Garlic & Herbs,115g,was $5.25,$4.00,$3.48 per 100g,https://foodlandbalaklava.com.au//lines/rr-deli-crostini-garl-hrb115gm
Foodland Balaklava,2025-05-04 23:59:14,Red Rock Deli Biscuit Crackers Platter Pack Parmesan And Black Pepper,115g,was $5.25,$4.00,$3.48 per 100g,https://foodlandbalaklava.com.au//lines/rr-deli-crostini-parm-pep115gm
Foodland Balaklava,2025-05-04 23:59:14,Red Rock Deli Biscuit Crackers Share Pack Honey Soy & Chicken,135g,was $5.00,$4.00,$2.96 per 100g,https://foodlandbalaklava.com.au//lines/rr-deli-crk-hny-soy-135gm
Foodland Balaklava,2025-05-04 23:59:14,Red Rock Deli Caramelised French Onion Dip,190g,was $5.05,$3.60,$1.89 per 100g,https://foodlandbalaklava.com.au//lines/rr-deli-dip-french-onion-190gm
Foodland Balaklava,2025-05-04 23:59:14,Red Rock Deli Chargrilled Style Corn Relish,190g,was $5.05,$3.60,$1.89 per 100g,https://foodlandbalaklava.com.au//lines/rr-deli-dip-corn-relish-190gm
Foodland Balaklava,2025-05-04 23:59:14,Red Rock Deli Cheddar & Parmesan Deli Style Crackers Share Pack,135g,was $5.00,$4.00,$2.96 per 100g,https://foodlandbalaklava.com.au//lines/rr-deli-crk-ched-parm-135gm
Foodland Balaklava,2025-05-04 23:59:14,Red Rock Deli Cheesy Spinach & Garlic Cob,190g,N/A,$5.05,$2.66 per 100g,https://foodlandbalaklava.com.au//lines/rr-deli-dip-chse-spn-gar-190g
Foodland Balaklava,2025-05-04 23:59:14,Red Rock Deli Chef Series Crispy Chicken With Garlic & Sweet Soy Potato Chips Share Pack,135g,was $5.00,$4.00,$2.96 per 100g,https://foodlandbalaklava.com.au//lines/rr-deli-crk-chic-grl-soy-135gm
Foodland Balaklava,2025-05-04 23:59:14,Red Rock Deli Chef Series Crispy Chicken With Garlic & Sweet Soy Potato Chips Share Pack,150g,was $6.00,$4.50,$3.00 per 100g,https://foodlandbalaklava.com.au//lines/rr-deli-chip-crsp-chic-150gm
Foodland Balaklava,2025-05-04 23:59:14,Red Rock Deli Crackers Onion And Chives,130g,was $5.25,$4.00,$3.08 per 100g,https://foodlandbalaklava.com.au//lines/rr-deli-crk-onion-chiv-130g
Foodland Balaklava,2025-05-04 23:59:14,Red Rock Deli Crostini Crackers Share Pack Smoked Salt,115g,was $5.25,$4.00,$3.48 per 100g,https://foodlandbalaklava.com.au//lines/rr-deli-crostini-smkd-slt115gm
Foodland Balaklava,2025-05-04 23:59:14,Red Rock Deli Gourmet Crackers Aged Cheddar & Caramelised Onion,130g,was $5.25,$4.00,$3.08 per 100g,https://foodlandbalaklava.com.au//lines/rr-deli-crk-onion-chdr-130gm
Foodland Balaklava,2025-05-04 23:59:14,Red Rock Deli Gourmet Crackers Murray River Pink Salt & Black Pepper,130g,was $5.25,$4.00,$3.08 per 100g,https://foodlandbalaklava.com.au//lines/rr-deli-crk-p-slt-pep-130gm
Foodland Balaklava,2025-05-04 23:59:14,Red Rock Deli Potato Chips Share Pack Spicy Chilli Sriracha,165g,was $6.00,$4.50,$2.73 per 100g,https://foodlandbalaklava.com.au//lines/rr-deli-chip-chl-sriracha165gm
Foodland Balaklava,2025-05-04 23:59:14,Red Rock Deli Sea Salt & Balsamic Vinegar Deli Style Crackers Share Pack,135g,was $5.00,$4.00,$2.96 per 100g,https://foodlandbalaklava.com.au//lines/rr-deli-crk-s-slt-vin-135gm
Foodland Balaklava,2025-05-04 23:59:14,Red Rock Deli Sour Cream & Chive Dip,190mL,was $5.05,$3.60,$1.89 per 100g,https://foodlandbalaklava.com.au//lines/rr-deli-dip-s-crm-chive-190gm
Foodland Balaklava,2025-05-04 23:59:14,Red Rock Deli Sweet Chiili & Sour Cream Dip,190g,was $5.05,$3.60,$1.89 per 100g,https://foodlandbalaklava.com.au//lines/rr-deli-dip-swt-chl-s-crm190gm
Foodland Balaklava,2025-05-04 23:59:14,Red Rock Deli Thai Chili And Lime Deli Style Potato Chips,165g,was $6.00,$4.50,$2.73 per 100g,https://foodlandbalaklava.com.au//lines/rr-deli-chip-thai-chl-lme165gm
Foodland Balaklava,2025-05-04 23:59:14,Red Rock Deli Trio Of Cheeses,165g,was $6.00,$4.50,$2.73 per 100g,https://foodlandbalaklava.com.au//lines/rr-deli-chip-trio-chse-165g
Foodland Balaklava,2025-05-04 23:59:14,Red Seal Complete Care Toothpaste,100g,N/A,$5.95,$5.95 per 100g,https://foodlandbalaklava.com.au//lines/red-seal-nat-t-paste-mint-100g
Foodland Balaklava,2025-05-04 23:59:14,Red Tractor Black Chia Seeds,600g,N/A,$14.20,$2.37 per 100g,https://foodlandbalaklava.com.au//lines/red-tractor-black-chia-seeds-600g
Foodland Balaklava,2025-05-04 23:59:14,Red Tractor Chocolate Almond Protein Granola,450g,N/A,$9.05,$2.01 per 100g,https://foodlandbalaklava.com.au//lines/red-tractor-pro-granola-choc-alm-450g
Foodland Balaklava,2025-05-04 23:59:14,Red Tractor Foods Instant Oats,1kg,N/A,$6.75,$0.68 per 100g,https://foodlandbalaklava.com.au//lines/red-tractor-instant-oats-1kg
Foodland Balaklava,2025-05-04 23:59:14,Red Tractor Protein Granola Apple Caramel,450g,N/A,$9.05,$2.01 per 100g,https://foodlandbalaklava.com.au//lines/red-tractor-pro-granola-app-car-450g
Foodland Balaklava,2025-05-04 23:59:14,Red Tractor Wheat Free Rolled Oats,600g,N/A,$8.45,$1.41 per 100g,https://foodlandbalaklava.com.au//lines/red-tractor-wheat-free-aussie-oats-600g
Foodland Balaklava,2025-05-04 23:59:14,Redberry Exfoliating Glove 2pk,N/A,N/A,$5.57,$2.78 Each,https://foodlandbalaklava.com.au//lines/redberry-exfoliating-glove-2pk
Foodland Balaklava,2025-05-04 23:59:14,Redberry Make Up Sponge 5pk,N/A,N/A,$7.77,$1.55 Each,https://foodlandbalaklava.com.au//lines/redberry-make-up-sponge-5pk
Foodland Balaklava,2025-05-04 23:59:14,Redberry Mens Toilet Bag,N/A,N/A,$9.14,N/A,https://foodlandbalaklava.com.au//lines/redberry-mens-toilet-bag
Foodland Balaklava,2025-05-04 23:59:14,Redberry Nail Brush,N/A,N/A,$2.29,N/A,https://foodlandbalaklava.com.au//lines/redberry-nail-brush
Foodland Balaklava,2025-05-04 23:59:14,Redberry Shaving Brush,N/A,N/A,$5.67,N/A,https://foodlandbalaklava.com.au//lines/redberry-shaving-brush
Foodland Balaklava,2025-05-04 23:59:14,Redberry Toothbrush Holder,N/A,N/A,$1.68,N/A,https://foodlandbalaklava.com.au//lines/redberry-toothbrush-holder
Foodland Balaklava,2025-05-04 23:59:14,Redheads BBQ Briquettes,4kg,was $12.00,$10.00,N/A,https://foodlandbalaklava.com.au//lines/redheads-bbq-briquettes-4kg-1
Foodland Balaklava,2025-05-04 23:59:14,Redheads Extra Long Safety Matches 45 Pack,N/A,N/A,$3.70,$8.22 Units100,https://foodlandbalaklava.com.au//lines/redhead-matches-extra-long-45s-2
Foodland Balaklava,2025-05-04 23:59:14,Redheads Foil-Sealed Firelighters 24 Pack,N/A,was $5.50,$4.50,$18.75 Units100,https://foodlandbalaklava.com.au//lines/redhead-firelighters-24s-2
Foodland Balaklava,2025-05-04 23:59:14,Redheads Heritage Firelighters 32,N/A,N/A,$4.05,N/A,https://foodlandbalaklava.com.au//lines/redheads-firelighters-herit32s
Foodland Balaklava,2025-05-04 23:59:16,Redheads Natural Firelighters 28 Pack,N/A,was $5.78,$3.40,N/A,https://foodlandbalaklava.com.au//lines/redheads-firelightr-blk-nat28s
Foodland Balaklava,2025-05-04 23:59:16,Redheads Safety Matches 45 X 10 Pack,N/A,N/A,$3.70,$0.82 Units100,https://foodlandbalaklava.com.au//lines/redhead-matches-safety-10x45s-3
Foodland Balaklava,2025-05-04 23:59:16,Redheads Utility Gasmatch,N/A,was $11.13,$8.00,N/A,https://foodlandbalaklava.com.au//lines/redheads-gasmatch-utility-1s-1
Foodland Balaklava,2025-05-04 23:59:16,Redwin Vitamin E Moisturiser,330g,was $7.35,$6.50,$1.97 per 100g,https://foodlandbalaklava.com.au//lines/redwin-cream-vit-e-330gm
Foodland Balaklava,2025-05-04 23:59:16,"Reed Rock Deli Basil Pesto, Pecorino & Cashew Dip",135g,was $5.25,$4.50,$3.33 per 100g,https://foodlandbalaklava.com.au//lines/rr-deli-dip-bas-psto-csh-135gm
Foodland Balaklava,2025-05-04 23:59:16,Reese's Chocolate & Peanut Butter Cups,42g,was $2.65,$1.55,$3.69 per 100g,https://foodlandbalaklava.com.au//lines/reeses-peanut-butter-cups42gm-1
Foodland Balaklava,2025-05-04 23:59:16,Reese's Chocolate Pbc 2 Cups White,39.5g,was $2.65,$1.55,$3.97 per 100g,https://foodlandbalaklava.com.au//lines/reeses-p-nut-btr-cup-wht-39gm
Foodland Balaklava,2025-05-04 23:59:16,Reese's Mini Bites,120g,was $6.30,$4.80,$4.00 per 100g,https://foodlandbalaklava.com.au//lines/reeses-choc-mini-bites-120gm
Foodland Balaklava,2025-05-04 23:59:16,Reese's Miniatures Cups,150g,was $6.30,$5.50,$3.67 per 100g,https://foodlandbalaklava.com.au//lines/reese-s-miniatures-cups-150g-150g
Foodland Balaklava,2025-05-04 23:59:16,Reese's Peanut Butter Cups Miniatures White,120g,N/A,$6.30,$5.25 per 100g,https://foodlandbalaklava.com.au//lines/reeses-miniatures-white-120g
Foodland Balaklava,2025-05-04 23:59:16,Reeses Hot Cross Bun,4 x 272g,was $9.00,$6.80,$2.50 per 100g,https://foodlandbalaklava.com.au//lines/reeses-hot-cross-bun272gm-4pk
Foodland Balaklava,2025-05-04 23:59:16,Reeses P/​Nut Btr Cup K/​Sz,79g,N/A,$3.70,$4.68 per 100g,https://foodlandbalaklava.com.au//lines/reeses-p-nut-btr-cup-k-sz-79g-1
Foodland Balaklava,2025-05-04 23:59:16,Reese’​S Peanut Butter Chocolate Cones,N/A,was $10.50,$8.75,$2.43 per 100mL,https://foodlandbalaklava.com.au//lines/reeses-m-p-i-crm-p-btr-choc-4s
Foodland Balaklava,2025-05-04 23:59:16,Reese’​S Peanut Butter Ice Cream Sandwiches,N/A,was $10.50,$8.75,$1.99 per 100mL,https://foodlandbalaklava.com.au//lines/reeses-i-crm-s-wch-pnt-btr-4s
Foodland Balaklava,2025-05-04 23:59:16,Reese’​S Sticks With Peanut Butter & Chocolate,42g,was $2.65,$1.55,$3.69 per 100g,https://foodlandbalaklava.com.au//lines/reeses-choc-wafer-sticks-42gm-1
Foodland Balaklava,2025-05-04 23:59:16,Remedy Kombucha Organic Ginger Lemon,750mL,was $6.99,$6.80,$0.91 per 100mL,https://foodlandbalaklava.com.au//lines/remedy-ginger-lemon-750ml
Foodland Balaklava,2025-05-04 23:59:16,Remedy Kombucha Organic Mango Passion,750m,was $6.99,$6.80,$0.91 per 100mL,https://foodlandbalaklava.com.au//lines/remedy-mango-passionfruit-750ml
Foodland Balaklava,2025-05-04 23:59:16,Remedy Kombucha Organic Raspberry Lemonade,750mL,was $6.99,$6.80,$0.91 per 100mL,https://foodlandbalaklava.com.au//lines/remedy-raspberry-lemonade-750ml
Foodland Balaklava,2025-05-04 23:59:16,Remedy Kombucha Organic Wild Berry,750mL,was $6.99,$6.80,$0.91 per 100mL,https://foodlandbalaklava.com.au//lines/remedy-wild-berry-750ml
Foodland Balaklava,2025-05-04 23:59:16,Remedy Organic Kombucha Apple Crisp,330mL,was $4.49,$3.95,$1.20 per 100mL,https://foodlandbalaklava.com.au//lines/remedy-apple-crisp-330ml
Foodland Balaklava,2025-05-04 23:59:16,Remedy Organic Kombucha Ginger Lemon,330mL,was $4.49,$3.95,$1.20 per 100mL,https://foodlandbalaklava.com.au//lines/remedy-ginger-lemon-330ml
Foodland Balaklava,2025-05-04 23:59:16,Remedy Organic Kombucha Mango Passion,330mL,was $4.49,$3.95,$1.20 per 100mL,https://foodlandbalaklava.com.au//lines/remedy-mango-passion-330ml
Foodland Balaklava,2025-05-04 23:59:16,Remedy Organic Kombucha Raspberry Lemonade,330mL,was $4.49,$3.95,$1.20 per 100mL,https://foodlandbalaklava.com.au//lines/remedy-raspberry-lemonade-330ml
Foodland Balaklava,2025-05-04 23:59:16,Remedy Organic Switchel Blood Orange 4 Pack X,250mL,N/A,$8.29,$8.29 per L,https://foodlandbalaklava.com.au//lines/remedy-bl-orange-cans-4-x-250ml
Foodland Balaklava,2025-05-04 23:59:16,Remedy Sodaly Soft Drink Raspberry Cans,4 x 250mL,was $8.50,$7.20,$7.20 per L,https://foodlandbalaklava.com.au//lines/remedy-sodaly-raspberry-4x250ml
Foodland Balaklava,2025-05-04 23:59:16,Remedy Wild Berry,330mL,was $4.49,$3.95,$1.20 per 100mL,https://foodlandbalaklava.com.au//lines/remedy-wild-berry-330ml
Foodland Balaklava,2025-05-04 23:59:16,Rennie Indigestion And Heartburn Relief Spearmint 48 Chewable Tablets,N/A,N/A,$10.50,$0.22 Each,https://foodlandbalaklava.com.au//lines/rennie-antacid-tabs-48s
Foodland Balaklava,2025-05-04 23:59:16,Repel Patch Insect Repellent Stickers,N/A,N/A,$14.95,$0.25 Each,https://foodlandbalaklava.com.au//lines/repelpatch-inct-rpl-stick-60pc
Foodland Balaklava,2025-05-04 23:59:16,Reusable Food Container,500mL,N/A,$9.50,N/A,https://foodlandbalaklava.com.au//lines/reusable-food-container-500ml
Foodland Balaklava,2025-05-04 23:59:16,Reva Superhold Pegs 24pck,N/A,was $7.90,$7.00,N/A,https://foodlandbalaklava.com.au//lines/reva-superhold-pegs-24pck
Foodland Balaklava,2025-05-04 23:59:16,Rexona Antiperspirant Aerosol Women Advanced Bright Bouquet,220mL,N/A,$10.00,$4.55 per 100mL,https://foodlandbalaklava.com.au//lines/rexona-ap-adv-wmn-b-bouq-220ml
Foodland Balaklava,2025-05-04 23:59:16,Rexona Men 72h Advanced Aerosol Antiperspirant Deodorant Coconut Cleanse Antiperspirant,220mL,N/A,$10.00,$4.55 per 100mL,https://foodlandbalaklava.com.au//lines/rexona-ap-adv-men-ccnut-220ml
Foodland Balaklava,2025-05-04 23:59:16,Rexona Men Advanced Protection Deodorant Aerosol Antiperspirant Climate Control,220mL,N/A,$10.00,$4.55 per 100mL,https://foodlandbalaklava.com.au//lines/rexona-ap-adv-men-climate220ml
Foodland Balaklava,2025-05-04 23:59:16,Rexona Men Advanced Protection Deodorant Aerosol Antiperspirant Invisible Dry Black & White,127g,N/A,$10.00,$4.55 per 100mL,https://foodlandbalaklava.com.au//lines/rexona-ap-adv-men-invis-220ml
Foodland Balaklava,2025-05-04 23:59:16,Rexona Men Advanced Protection Deodorant Aerosol Antiperspirant Workout 72-Hour Sweat And Odour Protection,220mL,N/A,$10.00,$4.55 per 100mL,https://foodlandbalaklava.com.au//lines/rexona-ap-adv-men-wrkout-220ml
Foodland Balaklava,2025-05-04 23:59:16,Rexona Men Antiperspirant Aerosol Ice Cool,250mL,was $8.95,$6.00,$2.40 per 100mL,https://foodlandbalaklava.com.au//lines/rexona-deod-ice-cool-250ml
Foodland Balaklava,2025-05-04 23:59:16,Rexona Men Clinical Protection Deodorant Aerosol Antiperspirant Sport For 3x Stronger Protection*,180mL,N/A,$12.60,$7.00 per 100mL,https://foodlandbalaklava.com.au//lines/rexona-ap-clncl-sport-180ml
Foodland Balaklava,2025-05-04 23:59:16,Rexona Men Clinical Protection Deodorant Antiperspirant Cream Active Fresh For 3x Stronger Protection*,45mL,N/A,$14.70,$32.67 per 100mL,https://foodlandbalaklava.com.au//lines/rexona-a-p-stck-clncl-men-45ml
Foodland Balaklava,2025-05-04 23:59:16,Rexona Men Clinical Protection Deodorant Antiperspirant Cream Sport For 3x Stronger Protection*,45mL,N/A,$14.70,$32.67 per 100mL,https://foodlandbalaklava.com.au//lines/rexona-ap-sprt-clncl-cr-m-45ml
Foodland Balaklava,2025-05-04 23:59:16,Rexona Men Deodorant Aerosol Antiperspirant Adventure 48-Hour Sweat And Odour Protection,250mL,was $8.95,$6.00,$2.40 per 100mL,https://foodlandbalaklava.com.au//lines/rexona-ap-for-men-a-adv-250ml
Foodland Balaklava,2025-05-04 23:59:16,Rexona Men Deodorant Aerosol Antiperspirant Sport Fresh For 48-Hour Protection,250mL,was $8.95,$6.00,$2.40 per 100mL,https://foodlandbalaklava.com.au//lines/rexona-men-ap-sprt-fresh-250ml
Foodland Balaklava,2025-05-04 23:59:16,Rexona Women 72h Advanced Roll On Antiperspirant Deodorant Invisible Dry Fresh,50mL,N/A,$5.80,$11.60 per 100mL,https://foodlandbalaklava.com.au//lines/rexona-ap-r-o-wmn-adv-frsh50ml
Foodland Balaklava,2025-05-04 23:59:16,Rexona Women Advanced Protection Antiperspirant Deodorant Aerosol Shower Fresh Antiperspirant,220mL,N/A,$10.00,$4.55 per 100mL,https://foodlandbalaklava.com.au//lines/rexona-ap-adv-wmn-shw-frs220ml
Foodland Balaklava,2025-05-04 23:59:16,Rexona Women Advanced Protection Antiperspirant Invisible Dry Fresh,220mL,N/A,$10.00,$4.55 per 100mL,https://foodlandbalaklava.com.au//lines/rexona-ap-adv-wmn-inv-frs220ml
Foodland Balaklava,2025-05-04 23:59:16,Rexona Women Advanced Protection Deodorant 72-Hour Sweat And Odour Protection Invisible Dry Pure,220mL,N/A,$10.00,$4.55 per 100mL,https://foodlandbalaklava.com.au//lines/rexona-ap-adv-wmn-inv-pur220ml
Foodland Balaklava,2025-05-04 23:59:16,Rexona Women Antiperspirant Aerosol Classic,250mL,was $8.95,$6.00,$2.40 per 100mL,https://foodlandbalaklava.com.au//lines/rexona-deod-classic-250ml
Foodland Balaklava,2025-05-04 23:59:16,Rexona Women Antiperspirant Aerosol Deodorant Sexy Bouquet With Sweat And Odour Control For Up To 48 Hours,50mL,N/A,$4.75,$9.50 per 100mL,https://foodlandbalaklava.com.au//lines/rexona-a-p-aero-wmn-bquet-50ml
Foodland Balaklava,2025-05-04 23:59:16,Rexona Women Clinical Protection Antiperspirant Deodorant Cream Shower Clean For 3x Stronger Protection*,45mL,N/A,$14.70,$32.67 per 100mL,https://foodlandbalaklava.com.au//lines/rexona-ap-clncl-s-cln-wmn-45ml
Foodland Balaklava,2025-05-04 23:59:16,Rexona Women Clinical Protection Antiperspirant Roll On Deodorant Shower Clean 96 Hours Of Protection,50mL,N/A,$8.40,$16.80 per 100mL,https://foodlandbalaklava.com.au//lines/rexona-ap-clncl-r-o-s-cln-50ml
Foodland Balaklava,2025-05-04 23:59:16,Rexona Women Deodorant Aerosol Antiperspirant Cotton Dry 48-Hour Sweat And Odour Protection,250mL,was $8.95,$6.00,$2.40 per 100mL,https://foodlandbalaklava.com.au//lines/rexona-deod-cotton-250ml
Foodland Balaklava,2025-05-04 23:59:16,Rf6731 Scotch™ Extreme Fasteners Black 2.​5cm X 7.​6cm Strips 2pk,N/A,N/A,$6.85,N/A,https://foodlandbalaklava.com.au//lines/scotch-fstners-ext-blk-stp2pk
Foodland Balaklava,2025-05-04 23:59:16,Ribbon&​Bow Bby Blue $​2.​50,N/A,N/A,$2.63,N/A,https://foodlandbalaklava.com.au//lines/ribbon-bow-bby-blue-2-50
Foodland Balaklava,2025-05-04 23:59:16,Ribbon&​Bow Bby Pink Conft$​2.​50,N/A,N/A,$3.95,N/A,https://foodlandbalaklava.com.au//lines/ribbon-bow-bby-pink-conft-2-50
Foodland Balaklava,2025-05-04 23:59:16,Ribbon&​Bow Metal Red Curl$​2.​50,N/A,N/A,$3.95,N/A,https://foodlandbalaklava.com.au//lines/ribbon-bow-metal-red-curl-2-50
Foodland Balaklava,2025-05-04 23:59:16,Ribbon&​Bow Mtl Red Confet$​2.​50,N/A,N/A,$3.95,N/A,https://foodlandbalaklava.com.au//lines/ribbon-bow-mtl-red-confet-2-50
Foodland Balaklava,2025-05-04 23:59:16,Ribbon&​Bow Mtl Slvr Curl$​2.​50,N/A,N/A,$2.50,N/A,https://foodlandbalaklava.com.au//lines/ribbon-bow-mtl-slvr-curl-2-50
Foodland Balaklava,2025-05-04 23:59:16,Ribbon&​Bow Peral Pink Crl$​2.​50,N/A,N/A,$3.95,N/A,https://foodlandbalaklava.com.au//lines/ribbon-bow-peral-pink-crl-2-50
Foodland Balaklava,2025-05-04 23:59:16,Ribbon&​Bows Curling Black$​2.​50,N/A,N/A,$3.95,N/A,https://foodlandbalaklava.com.au//lines/ribbon-bows-curling-black-2-50
Foodland Balaklava,2025-05-04 23:59:16,Ribbon&​Bows Metalic Gold $​2.​50,N/A,N/A,$3.95,N/A,https://foodlandbalaklava.com.au//lines/ribbon-bows-metalic-gold-2-50
Foodland Balaklava,2025-05-04 23:59:16,Rice King Chicken Butter,1kg,N/A,$22.90,$2.29 per 100g,https://foodlandbalaklava.com.au//lines/rice-king-chicken-butter-1kg
Foodland Balaklava,2025-05-04 23:59:16,Rice King Pot Bake G/​F,200g,N/A,$5.00,$2.50 per 100g,https://foodlandbalaklava.com.au//lines/rkf-potato-bake-traditnl-200gm
Foodland Balaklava,2025-05-04 23:59:16,Rice King Prawns Curried,1kg,N/A,$22.90,$2.29 per 100g,https://foodlandbalaklava.com.au//lines/rice-king-prawns-curried-1kg
Foodland Balaklava,2025-05-04 23:59:16,Rice Plain Steamed,N/A,N/A,$10.00,N/A,https://foodlandbalaklava.com.au//lines/rice-plain-steamed
Foodland Balaklava,2025-05-04 23:59:16,Rid Sunscreen Insect Repellent Combo Spf 50+,100mL,N/A,$12.00,$8.00 per 100g,https://foodlandbalaklava.com.au//lines/rid-s-blk-lotion-repellant-150gm
Foodland Balaklava,2025-05-04 23:59:16,Rid Tropical Antiseptic Bite Protection Aerosol,159g,N/A,$9.20,$6.13 per 100g,https://foodlandbalaklava.com.au//lines/rid-aerosol-tropical-150gm
Foodland Balaklava,2025-05-04 23:59:16,Rio Bikini Briefs Size 10 - 12,N/A,was $10.82,$9.25,N/A,https://foodlandbalaklava.com.au//lines/rio-bikini-womens-sz-10-12-3pk
Foodland Balaklava,2025-05-04 23:59:16,Rio Bikini Size 12-14,N/A,was $10.82,$9.25,N/A,https://foodlandbalaklava.com.au//lines/rio-bikini-womens-sz-12-14-3pk
Foodland Balaklava,2025-05-04 23:59:16,Rio Brf Men Hipster 95-100 3pk,N/A,N/A,$14.18,N/A,https://foodlandbalaklava.com.au//lines/rio-brf-men-hipster-95-100-3pk-1
Foodland Balaklava,2025-05-04 23:59:16,Rio Brief Men Hipster 105-110,N/A,N/A,$14.18,N/A,https://foodlandbalaklava.com.au//lines/rio-brf-men-hpster105-110-3pk
Foodland Balaklava,2025-05-04 23:59:16,Rio Sck Men Wk Fl Orange6+ 3pk,N/A,N/A,$12.97,N/A,https://foodlandbalaklava.com.au//lines/rio-sck-men-wk-fl-org-7-10-3pk-1
Foodland Balaklava,2025-05-04 23:59:16,Rio Sck Men Wk Fl Org 11+ 3pk,N/A,N/A,$12.97,N/A,https://foodlandbalaklava.com.au//lines/rio-sck-men-wk-fl-org-11-3pk-1
Foodland Balaklava,2025-05-04 23:59:16,Rio Sck Men Wk Fl Yel 11+ 3pk,N/A,N/A,$12.97,N/A,https://foodlandbalaklava.com.au//lines/rio-sck-men-wk-fl-yel-11-3pk
Foodland Balaklava,2025-05-04 23:59:16,Rio Sock Men Cotton Crew Black 11,N/A,N/A,$14.70,N/A,https://foodlandbalaklava.com.au//lines/rio-sock-men-ctn-crw-blk11-5p
Foodland Balaklava,2025-05-04 23:59:16,Rio Sock Men Ctn Crw Blk 6+​5p,N/A,N/A,$14.70,N/A,https://foodlandbalaklava.com.au//lines/rio-sock-men-ctn-crw-blk-6-5p
Foodland Balaklava,2025-05-04 23:59:16,Rio Sock Men Ctn Crw Wht11+ 5p,N/A,N/A,$14.70,N/A,https://foodlandbalaklava.com.au//lines/rio-sock-men-ctn-crw-wht11-5p
Foodland Balaklava,2025-05-04 23:59:16,Rio Trunk Men Super 105+,N/A,N/A,$7.56,N/A,https://foodlandbalaklava.com.au//lines/rio-trunk-men-super-105-1pk
Foodland Balaklava,2025-05-04 23:59:16,Rio Trunk Men Super 85pk,N/A,N/A,$7.56,N/A,https://foodlandbalaklava.com.au//lines/rio-trunk-men-super-85-1pk
Foodland Balaklava,2025-05-04 23:59:16,Rio Trunk Men Super 95+​1pk K,N/A,N/A,$7.56,N/A,https://foodlandbalaklava.com.au//lines/rio-trunk-men-super-95-1pk
Foodland Balaklava,2025-05-04 23:59:16,Rio Women’​S Bikini Size 14-16,N/A,was $10.82,$9.25,N/A,https://foodlandbalaklava.com.au//lines/rio-bikini-womens-sz-14-16-3pk
Foodland Balaklava,2025-05-04 23:59:16,Rio Work Socks - Fluro Yellow 3pk,N/A,N/A,$12.97,N/A,https://foodlandbalaklava.com.au//lines/rio-sck-men-wk-fl-yel7-10-3pk
Foodland Balaklava,2025-05-04 23:59:16,Rite Aid Nursing Pads 40 Pack 40pk,N/A,N/A,$7.90,$0.20 Each,https://foodlandbalaklava.com.au//lines/rite-aid-nursing-pads-40s
Foodland Balaklava,2025-05-04 23:59:16,Ritual Chai Brew,500mL,N/A,$10.45,$2.09 per 100mL,https://foodlandbalaklava.com.au//lines/ritual-chai-brew-500ml
Foodland Balaklava,2025-05-04 23:59:16,Ritz Breakz Classic,250g,N/A,$4.00,$1.60 per 100g,https://foodlandbalaklava.com.au//lines/ritz-breaks-orig-250gm
Foodland Balaklava,2025-05-04 23:59:16,Ritz Mini Crackers Cheese Flavour,155g,was $4.20,$3.00,$1.94 per 100g,https://foodlandbalaklava.com.au//lines/ritz-cracker-mini-chse-155gm
Foodland Balaklava,2025-05-04 23:59:16,Ritz Mini Crackers Original Flavour,160g,was $4.20,$3.00,$1.88 per 100g,https://foodlandbalaklava.com.au//lines/ritz-mini-munch-orig-160gm
Foodland Balaklava,2025-05-04 23:59:16,Ritz Mini Crackers Sour Cream & Onion Flavour,155g,was $4.20,$3.00,$1.94 per 100g,https://foodlandbalaklava.com.au//lines/ritz-cracker-mini-onion-155gm
Foodland Balaklava,2025-05-04 23:59:16,Ritz Mini Original Multipack,184g,was $5.25,$4.65,$2.53 per 100g,https://foodlandbalaklava.com.au//lines/ritz-mini-original-m-pk-184g
Foodland Balaklava,2025-05-04 23:59:16,River Port Creamy Soda,1.25L,N/A,$3.29,$2.63 per L,https://foodlandbalaklava.com.au//lines/riverport-creamy-soda-1-25l
Foodland Balaklava,2025-05-04 23:59:16,River Port Portello,1.25L,N/A,$3.29,$2.63 per L,https://foodlandbalaklava.com.au//lines/riverport-portello-1-25l
Foodland Balaklava,2025-05-04 23:59:16,River Port Raspberry Lemonade,N/A,N/A,$3.29,$2.63 per L,https://foodlandbalaklava.com.au//lines/riverport-rasp-lemonade-1-25l
Foodland Balaklava,2025-05-04 23:59:16,River Port Sarsaparilla 1.​25,N/A,N/A,$3.29,$2.63 per L,https://foodlandbalaklava.com.au//lines/riverport-sarsaparilla-1-25l
Foodland Balaklava,2025-05-04 23:59:16,Riverina Dairy Co. Fetta Greek Style Plain,200g,N/A,$7.00,$3.50 per 100g,https://foodlandbalaklava.com.au//lines/riverina-fetta-greek-style-200g
Foodland Balaklava,2025-05-04 23:59:16,Riverina Dairy Co. Fetta Smooth,200g,N/A,$7.00,$3.50 per 100g,https://foodlandbalaklava.com.au//lines/riverina-fetta-smooth-creamy-200g
Foodland Balaklava,2025-05-04 23:59:16,Riverport Blue Heaven,1.25L,N/A,$3.29,$2.63 per L,https://foodlandbalaklava.com.au//lines/riverport-blue-heaven-1-25l
Foodland Balaklava,2025-05-04 23:59:16,Riviana Arborio,1kg,N/A,$7.35,$0.74 per 100g,https://foodlandbalaklava.com.au//lines/riviana-rice-arborio-1kg
Foodland Balaklava,2025-05-04 23:59:16,Riviana Basmati Long Grain Rice,2kg,N/A,$15.90,$0.80 per 100g,https://foodlandbalaklava.com.au//lines/riviana-rice-l-gr-basmati-2kg
Foodland Balaklava,2025-05-04 23:59:17,Riviana Prawns Baby Peeled,200g,N/A,$6.30,$31.50 per kg,https://foodlandbalaklava.com.au//lines/riviana-prawns-bby-peeled200gm
Foodland Balaklava,2025-05-04 23:59:17,Roast Beef Portions,N/A,N/A,$29.99,N/A,https://foodlandbalaklava.com.au//lines/roast-beef-portions-1
Foodland Balaklava,2025-05-04 23:59:17,Roast Vegetable Pack,N/A,N/A,$7.50,N/A,https://foodlandbalaklava.com.au//lines/roast-vegetable-pack
Foodland Balaklava,2025-05-04 23:59:17,Robern Apricot Indulgence,200g,N/A,$4.80,$2.40 per 100g,https://foodlandbalaklava.com.au//lines/robern-apricot-indulg-200g
Foodland Balaklava,2025-05-04 23:59:17,Robert Timms Coffee Bags Italian Espresso Style 8s,45g,N/A,$5.90,$13.11 per 100g,https://foodlandbalaklava.com.au//lines/timms-coff-bag-italian-8s
Foodland Balaklava,2025-05-04 23:59:17,Robert Timms Dark Roast Freeze Dried Coffee,90g,N/A,$11.55,$12.83 per 100g,https://foodlandbalaklava.com.au//lines/timms-coff-f-dry-drk-90g
Foodland Balaklava,2025-05-04 23:59:17,Robert Timms Decaffeinated Coffee Bags,N/A,was $10.50,$8.25,$7.86 per 100g,https://foodlandbalaklava.com.au//lines/timms-coff-bag-decaf-18s
Foodland Balaklava,2025-05-04 23:59:17,Robert Timms Mocha Kenya Style Coffee Bags 28pk,N/A,was $14.20,$10.00,$6.25 per 100g,https://foodlandbalaklava.com.au//lines/timms-coff-bag-mocha-kenya-28s
Foodland Balaklava,2025-05-04 23:59:17,Robert Timms Premium Espresso Granulated Coffee,200g,N/A,$12.50,$6.25 per 100g,https://foodlandbalaklava.com.au//lines/timms-coff-gran-xdrk-esp-200gm
Foodland Balaklava,2025-05-04 23:59:17,Robert Timms Premium Full Bodied Granulated Coffee,200g,N/A,$12.50,$6.25 per 100g,https://foodlandbalaklava.com.au//lines/timms-coff-gran-200gm
Foodland Balaklava,2025-05-04 23:59:17,Robert Timm’​S Medium Roast Freeze Dried Coffee,90g,N/A,$11.55,$12.83 per 100g,https://foodlandbalaklava.com.au//lines/timms-coff-f-dry-med-90g
Foodland Balaklava,2025-05-04 23:59:17,"Robitussin Chesty Cough, Cough Liquid",200mL,was $13.15,$11.25,$5.62 per 100mL,https://foodlandbalaklava.com.au//lines/robitussin-cough-ex-chst-200ml
Foodland Balaklava,2025-05-04 23:59:17,Rocket Battery Alkaline 9v 1pk,N/A,N/A,$5.90,N/A,https://foodlandbalaklava.com.au//lines/platinum-bat-alk-9v
Foodland Balaklava,2025-05-04 23:59:17,Rocket Battery Alkaline Aaa 4pk,N/A,N/A,$5.90,$1.48 Each,https://foodlandbalaklava.com.au//lines/platinum-bat-alk-aaa-pk-4
Foodland Balaklava,2025-05-04 23:59:17,Rocket Battery Hd 9v 1pk,N/A,N/A,$4.80,N/A,https://foodlandbalaklava.com.au//lines/platinum-bat-h-d-9v-1-pack
Foodland Balaklava,2025-05-04 23:59:17,Rocket Battery Sehd D Size 2pk,N/A,N/A,$4.80,$2.40 Each,https://foodlandbalaklava.com.au//lines/platinum-bat-s-h-d-d-pk-2
Foodland Balaklava,2025-05-04 23:59:17,Rockmelon Pieces,300g,N/A,$4.50,$15.00 per kg,https://foodlandbalaklava.com.au//lines/rockmelon-pieces-300g
Foodland Balaklava,2025-05-04 23:59:17,Rockstar Energy Drink Tropical Guava Can,500mL,was $3.95,$3.00,$6.00 per L,https://foodlandbalaklava.com.au//lines/rockstar-guava-500ml
Foodland Balaklava,2025-05-04 23:59:17,Rokeby Bold Brew Iced Latte,500mL,N/A,$4.50,$0.90 per 100mL,https://foodlandbalaklava.com.au//lines/rokeby-bold-brew-iced-latte-500ml
Foodland Balaklava,2025-05-04 23:59:17,Rokeby Bold Brew Iced Mocha,500mL,N/A,$4.50,$0.90 per 100mL,https://foodlandbalaklava.com.au//lines/rokeby-bold-brew-mocha-500ml
Foodland Balaklava,2025-05-04 23:59:17,Rokeby Double Shot Bold Brew Iced Coffe,500mL,N/A,$4.50,$0.90 per 100mL,https://foodlandbalaklava.com.au//lines/rokeby-bold-brew-dbl-shot-500ml
Foodland Balaklava,2025-05-04 23:59:17,Rokeby Farms Filmjolk Natural,750mL,N/A,$6.50,$0.87 per 100mL,https://foodlandbalaklava.com.au//lines/rokeby-filmjolk-ygt-natural-750g
Foodland Balaklava,2025-05-04 23:59:17,Rokeby Farms Filmjö​lk Probiotic Blueberry Milk,750mL,N/A,$6.50,$0.87 per 100mL,https://foodlandbalaklava.com.au//lines/rokeby-filmjolk-ygt-blueberry-750g-1
Foodland Balaklava,2025-05-04 23:59:17,Rokeby Farms Whole Protein Dutch Chocolate,425mL,N/A,$4.80,$1.13 per 100mL,https://foodlandbalaklava.com.au//lines/rokeby-protein-dutch-choc-425ml
Foodland Balaklava,2025-05-04 23:59:17,Rokeby Farms Whole Protein Iced Coffee,425mL,N/A,$4.80,$1.13 per 100mL,https://foodlandbalaklava.com.au//lines/rokeby-protein-double-espresso-425ml
Foodland Balaklava,2025-05-04 23:59:17,Rokeby Protein Nas Banana,425mL,N/A,$4.80,$1.13 per 100mL,https://foodlandbalaklava.com.au//lines/rokeby-protein-nas-banana-425ml
Foodland Balaklava,2025-05-04 23:59:17,Rolls Jumbo Wholemeal 6pk,N/A,N/A,$4.50,$0.75 Each,https://foodlandbalaklava.com.au//lines/rolls-jumbo-wholemeal-6pk
Foodland Balaklava,2025-05-04 23:59:17,Rolls Round Jmbo Whlml,110g,N/A,$0.90,$0.82 per 100g,https://foodlandbalaklava.com.au//lines/rolls-round-jmbo-whlml-110gm
Foodland Balaklava,2025-05-04 23:59:17,Rolls Round Jmbo Whte,110g,N/A,$0.90,$0.82 per 100g,https://foodlandbalaklava.com.au//lines/rolls-round-jmbo-whte-110gm
Foodland Balaklava,2025-05-04 23:59:17,Romanella 4 Bean Mix,400g,was $1.89,$1.75,$0.44 per 100g,https://foodlandbalaklava.com.au//lines/romanella-4-bean-mix-400gm
Foodland Balaklava,2025-05-04 23:59:17,Romanella Canellini Beans,400g,N/A,$1.70,$0.42 per 100g,https://foodlandbalaklava.com.au//lines/romanella-cannellini-beans-400g
Foodland Balaklava,2025-05-04 23:59:17,Romanella Chick Peas Ceci,400g,N/A,$1.70,$0.42 per 100g,https://foodlandbalaklava.com.au//lines/romanella-chick-peas-400g
Foodland Balaklava,2025-05-04 23:59:17,Romanella Crushed Tomatoes,400g,was $2.20,$2.15,$0.54 per 100g,https://foodlandbalaklava.com.au//lines/romanella-crushed-tomatoes-400gm
Foodland Balaklava,2025-05-04 23:59:17,Romanella Diced Tomatoes,400g,was $1.80,$1.75,$0.44 per 100g,https://foodlandbalaklava.com.au//lines/romanella-diced-tomatoes-400gm
Foodland Balaklava,2025-05-04 23:59:17,Romanella Maccheroni Pasta,500g,was $5.50,$5.25,$1.05 per 100g,https://foodlandbalaklava.com.au//lines/romanella-pasta-maccheroni-al-ferro-500g
Foodland Balaklava,2025-05-04 23:59:17,Romanella Sugo Alla Napoletana,680g,was $6.90,$6.50,$0.96 per 100g,https://foodlandbalaklava.com.au//lines/romanella-sugo-napoletana-sce-680g
Foodland Balaklava,2025-05-04 23:59:17,Romanella Sugo Arabbiata Sce,680g,was $6.90,$6.50,$0.96 per 100g,https://foodlandbalaklava.com.au//lines/romanella-sugo-arabbiata-sce-680g
Foodland Balaklava,2025-05-04 23:59:17,Romanella Sugo Passata,690g,was $3.70,$3.50,$0.51 per 100g,https://foodlandbalaklava.com.au//lines/sugo-passata-690gm
Foodland Balaklava,2025-05-04 23:59:17,Romanella Sugo Puttanesca,680g,was $6.90,$6.50,$0.96 per 100g,https://foodlandbalaklava.com.au//lines/romanella-sugo-puttanesca-sce-680g
Foodland Balaklava,2025-05-04 23:59:17,Rose's® English Breakfast Marmalade,375g,N/A,$4.30,$1.15 per 100g,https://foodlandbalaklava.com.au//lines/roses-marm-eng-b-fast-375gm
Foodland Balaklava,2025-05-04 23:59:17,Rose's® Lime Marmalade,375g,N/A,$4.30,$1.15 per 100g,https://foodlandbalaklava.com.au//lines/roses-marm-lime-375gm
Foodland Balaklava,2025-05-04 23:59:17,Rose's® Raspberry Conserve,375g,N/A,$4.30,$1.15 per 100g,https://foodlandbalaklava.com.au//lines/roses-conserve-raspbry-375gm
Foodland Balaklava,2025-05-04 23:59:17,Rosella Condensed Tomato Soup,390g,was $3.40,$3.10,$0.79 per 100g,https://foodlandbalaklava.com.au//lines/rosella-cond-tomato-soup-390g
Foodland Balaklava,2025-05-04 23:59:17,Rosella Fruit Chutney,250g,was $3.20,$3.00,$1.20 per 100g,https://foodlandbalaklava.com.au//lines/ros-chutney-fruit-250gm
Foodland Balaklava,2025-05-04 23:59:17,Rosella Red Cocktail Onions,150g,was $2.39,$2.15,$1.43 per 100g,https://foodlandbalaklava.com.au//lines/ros-cocktail-onion-red-150gm
Foodland Balaklava,2025-05-04 23:59:17,Rosella Tomato Sauce,580mL,was $4.40,$4.10,$0.71 per 100mL,https://foodlandbalaklava.com.au//lines/ros-sce-tomato-glass-580ml
Foodland Balaklava,2025-05-04 23:59:17,Rosella White Cocktail Onions,550g,was $5.40,$5.15,$9.36 per kg,https://foodlandbalaklava.com.au//lines/ros-cocktail-onions-wht-550gm
Foodland Balaklava,2025-05-04 23:59:17,Royal Bacon Co. Family Bacon,500g,N/A,$9.00,$18.00 per kg,https://foodlandbalaklava.com.au//lines/royal-bacon-co-family-bacon-500g
Foodland Balaklava,2025-05-04 23:59:18,Royal Kerry Peach Halves,1kg,N/A,$7.50,$7.50 per kg,https://foodlandbalaklava.com.au//lines/rk-peach-halves-in-syrup-1kg
Foodland Balaklava,2025-05-04 23:59:18,Rr Deli Dip Buffalo Rnch,190g,was $5.05,$3.60,$1.89 per 100g,https://foodlandbalaklava.com.au//lines/rr-deli-dip-buffalo-rnch-190g
Foodland Balaklava,2025-05-04 23:59:18,Rufus & Coco Zero Odour Natural Litter,2kg,N/A,$12.60,$6.30 per kg,https://foodlandbalaklava.com.au//lines/r-coco-littr-0-odr-natrl-2kg
Foodland Balaklava,2025-05-04 23:59:18,Ryvita Multigrain Rye Crispbread,250g,N/A,$4.80,$1.92 per 100g,https://foodlandbalaklava.com.au//lines/ryvita-multi-grain-c-brd-250gm-3
Foodland Balaklava,2025-05-04 23:59:18,Ryvita Original Rye Crispbread,250g,N/A,$4.80,$1.92 per 100g,https://foodlandbalaklava.com.au//lines/ryvita-original-rye-250gm-3
Foodland Balaklava,2025-05-04 23:59:18,Ryvita Sesame Rye Crispbread,250g,N/A,$4.80,$1.92 per 100g,https://foodlandbalaklava.com.au//lines/ryvita-sesame-rye-250gm-4
Foodland Balaklava,2025-05-04 23:59:18,S&​B Mild Curry Sauce Mix,92g,N/A,$5.25,$5.71 per 100g,https://foodlandbalaklava.com.au//lines/s-b-curry-golden-mild-92gm
Foodland Balaklava,2025-05-04 23:59:18,S&​B Wasabi,43g,N/A,$3.45,$8.02 per 100g,https://foodlandbalaklava.com.au//lines/s-b-pste-wasabi-in-tube-43gm-1
Foodland Balaklava,2025-05-04 23:59:18,S&​S Bubblegum,165g,N/A,$5.50,$3.33 per 100g,https://foodlandbalaklava.com.au//lines/s-s-bubblegum-165g
Foodland Balaklava,2025-05-04 23:59:18,S&​S Stick Sour Strawb,40g,N/A,$2.70,$6.75 per 100g,https://foodlandbalaklava.com.au//lines/swtsr-stick-sour-strawb-40g
Foodland Balaklava,2025-05-04 23:59:18,S&​S Swt Jelly Mix,165g,N/A,$5.50,$3.33 per 100g,https://foodlandbalaklava.com.au//lines/s-s-swt-jelly-mix-165g
Foodland Balaklava,2025-05-04 23:59:18,S&​S Xtra Sour Octopus,165g,N/A,$5.50,$3.33 per 100g,https://foodlandbalaklava.com.au//lines/s-s-xtra-sour-octopus-165g
Foodland Balaklava,2025-05-04 23:59:18,S&​W Maple Syrup,250mL,was $11.55,$8.75,$3.50 per 100mL,https://foodlandbalaklava.com.au//lines/s-w-syrup-maple-250ml
Foodland Balaklava,2025-05-04 23:59:18,S/​Basic Fabric Knuck/​Fngtip 12pk,N/A,N/A,$4.99,$0.50 Each,https://foodlandbalaklava.com.au//lines/s-basic-fabric-knuck-fngtip-12pk
Foodland Balaklava,2025-05-04 23:59:18,S/​Basic Povidone Iodine Wps 30pk,N/A,N/A,$5.50,$0.18 Each,https://foodlandbalaklava.com.au//lines/s-basic-povidone-iodine-wps-30pk
Foodland Balaklava,2025-05-04 23:59:18,S/​Basics Alcohol Wipes 20pk,N/A,N/A,$3.50,$0.18 Each,https://foodlandbalaklava.com.au//lines/s-basics-alcohol-wipes-20pk
Foodland Balaklava,2025-05-04 23:59:18,S/​Basics Alcohol Wipes 60pk,N/A,N/A,$7.00,$0.35 Each,https://foodlandbalaklava.com.au//lines/s-basics-alcohol-wipes-60pk
Foodland Balaklava,2025-05-04 23:59:18,S/​Basics Cohesive Bandage 7.​5cm Black,N/A,N/A,$6.99,N/A,https://foodlandbalaklava.com.au//lines/s-basics-cohesive-bandage-7-5cm-black
Foodland Balaklava,2025-05-04 23:59:18,S/​Beam Almond Meal,110g,was $5.80,$4.05,$36.82 per kg,https://foodlandbalaklava.com.au//lines/s-beam-almond-meal-110gm-1
Foodland Balaklava,2025-05-04 23:59:18,S/​Beam Mixed Fruit,1kg,N/A,$11.55,$11.55 per kg,https://foodlandbalaklava.com.au//lines/s-beam-mixed-fruit-1kg
Foodland Balaklava,2025-05-04 23:59:18,S/​Beam Pepitas,130g,N/A,$3.15,$24.23 per kg,https://foodlandbalaklava.com.au//lines/s-beam-pepitas-130gm-1
Foodland Balaklava,2025-05-04 23:59:18,S/​Beam Raisins,1kg,N/A,$13.65,$13.65 per kg,https://foodlandbalaklava.com.au//lines/s-beam-raisins-1kg
Foodland Balaklava,2025-05-04 23:59:18,S/​Beam Sesame Seeds,100g,N/A,$2.75,$27.50 per kg,https://foodlandbalaklava.com.au//lines/s-beam-sesame-seeds-100gm
Foodland Balaklava,2025-05-04 23:59:18,S/​Beam Sunflower Kernels,225g,N/A,$2.50,$11.11 per kg,https://foodlandbalaklava.com.au//lines/s-beam-sunflower-kernels-225gm
Foodland Balaklava,2025-05-04 23:59:18,S/​Beam V/​Pk Almonds Flkd,300g,N/A,$12.60,$42.00 per kg,https://foodlandbalaklava.com.au//lines/s-beam-v-pk-almonds-flkd-300gm
Foodland Balaklava,2025-05-04 23:59:18,S/​Beam V/​Pk Almonds Nat,450g,N/A,$12.60,$28.00 per kg,https://foodlandbalaklava.com.au//lines/s-beam-v-pk-almonds-nat-450gm-1
Foodland Balaklava,2025-05-04 23:59:18,S/​Beam V/​Pk Almonds Sliv,300g,N/A,$12.60,$42.00 per kg,https://foodlandbalaklava.com.au//lines/s-beam-v-pk-almonds-sliv-300gm-1
Foodland Balaklava,2025-05-04 23:59:18,S/​Beam V/​Pk Cashews Raw,450g,N/A,$15.00,$33.33 per kg,https://foodlandbalaklava.com.au//lines/s-beam-v-pk-cashews-raw-450gm
Foodland Balaklava,2025-05-04 23:59:18,S/​Beam V/​Pk Walnuts,300g,N/A,$12.60,$42.00 per kg,https://foodlandbalaklava.com.au//lines/s-beam-v-pk-walnuts-300gm-1
Foodland Balaklava,2025-05-04 23:59:18,S/​Foods Tzatiki Sce,1kg,N/A,$12.00,$12.00 per kg,https://foodlandbalaklava.com.au//lines/s-foods-tzatiki-sce-1kg
Foodland Balaklava,2025-05-04 23:59:18,S/​Gully Onion Swt Brn,500g,N/A,$4.85,$9.70 per kg,https://foodlandbalaklava.com.au//lines/s-gully-onion-swt-brn-500gm
Foodland Balaklava,2025-05-04 23:59:18,S/​Gully Pickle Sour Must#​500gm,N/A,N/A,$4.20,$0.84 per 100g,https://foodlandbalaklava.com.au//lines/s-gully-pickle-sour-must-500gm
Foodland Balaklava,2025-05-04 23:59:18,S/​Hurst Med/​Spcy Jalpeno#​270gm,N/A,was $4.00,$3.50,$12.96 per kg,https://foodlandbalaklava.com.au//lines/s-hurst-ex-spcy-jalapeno-270gm
Foodland Balaklava,2025-05-04 23:59:18,S/​Lee Ch/​Cake W/​Choc Rsp,760g,N/A,$16.50,$2.17 per 100g,https://foodlandbalaklava.com.au//lines/s-lee-ch-cake-w-choc-rsp-760g
Foodland Balaklava,2025-05-04 23:59:18,S/​Lee I/​Crm Hokey Pokey,1L,N/A,$8.50,$0.85 per 100mL,https://foodlandbalaklava.com.au//lines/s-lee-i-crm-hokey-pokey-1l
Foodland Balaklava,2025-05-04 23:59:18,S/​Less Aura B/​Scotch Flav,70g,N/A,$6.00,$8.57 per 100g,https://foodlandbalaklava.com.au//lines/s-less-aura-b-scotch-flav-70g
Foodland Balaklava,2025-05-04 23:59:18,S/​Less Caramel Mix Chews,70g,N/A,$6.00,$8.57 per 100g,https://foodlandbalaklava.com.au//lines/s-less-caramel-mix-ass-chews-70g
Foodland Balaklava,2025-05-04 23:59:18,S/​Less Choc Crunch Balls,90g,N/A,$6.00,$6.67 per 100g,https://foodlandbalaklava.com.au//lines/s-less-choc-crunch-balls-90g
Foodland Balaklava,2025-05-04 23:59:18,S/​Less Snakes Jellies,70g,N/A,$6.00,$8.57 per 100g,https://foodlandbalaklava.com.au//lines/s-less-snakes-jellies-70g
Foodland Balaklava,2025-05-04 23:59:18,S/​Less Strawberry Chews,70g,N/A,$6.00,$8.57 per 100g,https://foodlandbalaklava.com.au//lines/s-less-strawberry-chews-70g
Foodland Balaklava,2025-05-04 23:59:18,S/​Less Tangy Mint Flav,70g,N/A,$6.00,$8.57 per 100g,https://foodlandbalaklava.com.au//lines/s-less-tangy-mint-flav-70g
Foodland Balaklava,2025-05-04 23:59:18,S/​Mans Pop Toffee Apple,90g,N/A,$3.70,$4.11 per 100g,https://foodlandbalaklava.com.au//lines/s-mans-pop-toffee-apple-90g
Foodland Balaklava,2025-05-04 23:59:18,S/​Mans Zombie Chew Funze,135g,N/A,$4.10,$3.04 per 100g,https://foodlandbalaklava.com.au//lines/s-mans-zombie-chew-funze-135g
Foodland Balaklava,2025-05-04 23:59:18,S/​Mans Zombie Chew Liq,105g,N/A,$3.70,$3.52 per 100g,https://foodlandbalaklava.com.au//lines/s-mans-zombie-chew-liq-105g
Foodland Balaklava,2025-05-04 23:59:18,S/​Stream Syrp Zero Mix Bry,440mL,N/A,$6.00,$1.36 per 100mL,https://foodlandbalaklava.com.au//lines/s-stream-syrp-zero-mix-bry-440ml
Foodland Balaklava,2025-05-04 23:59:18,S/​Stream Syrp Zero Mix P/​Frt,440mL,N/A,$6.00,$1.36 per 100mL,https://foodlandbalaklava.com.au//lines/s-stream-syrp-zero-mix-p-frt-440ml
Foodland Balaklava,2025-05-04 23:59:18,S/​Tasty Beef Mongol& Rce,400g,N/A,$10.00,$2.50 per 100g,https://foodlandbalaklava.com.au//lines/s-tasty-mongolian-beef-400g
Foodland Balaklava,2025-05-04 23:59:18,S/​Tasty Chkn Schnit Mash400gm,N/A,N/A,$9.40,$2.35 per 100g,https://foodlandbalaklava.com.au//lines/s-tasty-chkn-schnit-mash400gm
Foodland Balaklava,2025-05-04 23:59:20,S/​Tasty Potato Scallop,800g,N/A,$17.00,$2.12 per 100g,https://foodlandbalaklava.com.au//lines/s-tasty-scallop-potatoes-800g
Foodland Balaklava,2025-05-04 23:59:20,S/​Tasty Sld Mor Cous Cous,275g,N/A,$7.00,$2.55 per 100g,https://foodlandbalaklava.com.au//lines/s-tasty-sld-mor-cous-cous-275g
Foodland Balaklava,2025-05-04 23:59:20,S/​Tasty Sld Psta Egg Mst,300g,was $8.00,$7.00,$23.33 per kg,https://foodlandbalaklava.com.au//lines/s-tasty-sld-must-egg-psta-300gm
Foodland Balaklava,2025-05-04 23:59:20,S/​Tasty Sld Tabouleh,275g,N/A,$7.00,$2.55 per 100g,https://foodlandbalaklava.com.au//lines/s-tasty-sld-tabouleh-275g
Foodland Balaklava,2025-05-04 23:59:20,S/​Tasty Vegetable Lasagne,400g,N/A,$8.20,$2.05 per 100g,https://foodlandbalaklava.com.au//lines/s-tasty-vegetable-lasagne-400g
Foodland Balaklava,2025-05-04 23:59:20,S/​Tsty H/​Prt Beef Lasagne,400g,N/A,$8.20,$2.05 per 100g,https://foodlandbalaklava.com.au//lines/s-tsty-h-prt-beef-lasagne-400g
Foodland Balaklava,2025-05-04 23:59:20,S1138 Holeproof Explorer Mens Socks,N/A,was $16.00,$8.00,N/A,https://foodlandbalaklava.com.au//lines/explorer-sock-short-black-6-10
Foodland Balaklava,2025-05-04 23:59:20,S1138 Holeproof Explorer Mens Socks Blue,N/A,was $16.00,$8.00,N/A,https://foodlandbalaklava.com.au//lines/explorer-sock-short-navy-6-10
Foodland Balaklava,2025-05-04 23:59:20,Sa Gardens & Sa Outdoor Living,N/A,N/A,$6.95,N/A,https://foodlandbalaklava.com.au//lines/sa-gardens-sa-outdoor-living
Foodland Balaklava,2025-05-04 23:59:20,Sa Life,N/A,N/A,$11.95,N/A,https://foodlandbalaklava.com.au//lines/sa-life
Foodland Balaklava,2025-05-04 23:59:20,Sa Spice Grndr Chil&​Gar,60g,N/A,$5.29,$8.82 per 100g,https://foodlandbalaklava.com.au//lines/sa-spice-grndr-chil-gar-60g
Foodland Balaklava,2025-05-04 23:59:20,Sabco Brush Big Job 1pk,N/A,N/A,$7.25,N/A,https://foodlandbalaklava.com.au//lines/sabco-brush-big-job-1pk
Foodland Balaklava,2025-05-04 23:59:20,Sabco Disposable Glove,N/A,N/A,$5.25,$0.22 Each,https://foodlandbalaklava.com.au//lines/sabco-glove-disp-nitr-m-24pk
Foodland Balaklava,2025-05-04 23:59:20,Sabco Domed Cobweb Broom | 1 Each,N/A,N/A,$15.00,N/A,https://foodlandbalaklava.com.au//lines/sabco-broom-cobweb-domed
Foodland Balaklava,2025-05-04 23:59:20,Sabco Dustpan Set Green 1ea,N/A,N/A,$7.60,N/A,https://foodlandbalaklava.com.au//lines/sabco-dustpan-set-green-1ea
Foodland Balaklava,2025-05-04 23:59:20,Sabco Electrostatic Extension Duster,N/A,N/A,$5.99,N/A,https://foodlandbalaklava.com.au//lines/sabco-extension-electrostatic-duster
Foodland Balaklava,2025-05-04 23:59:20,Sabco Glove Handy Lrg 3pk,N/A,N/A,$5.15,N/A,https://foodlandbalaklava.com.au//lines/sabco-glove-handy-lrg-3pk
Foodland Balaklava,2025-05-04 23:59:20,Sabco Glove Handy Med 3pk,N/A,N/A,$5.15,$1.72 Each,https://foodlandbalaklava.com.au//lines/sabco-glove-handy-med-3pk
Foodland Balaklava,2025-05-04 23:59:20,Sabco Glove Silky Sft Med 1s,N/A,N/A,$2.65,N/A,https://foodlandbalaklava.com.au//lines/sabco-glove-silky-sft-med-1s
Foodland Balaklava,2025-05-04 23:59:20,Sabco Large Bottle Brush,N/A,N/A,$5.99,N/A,https://foodlandbalaklava.com.au//lines/sabco-large-bottle-brush
Foodland Balaklava,2025-05-04 23:59:20,Sabco Ultra Grab Duster,N/A,N/A,$9.45,N/A,https://foodlandbalaklava.com.au//lines/sabco-duster-m-fibre-ultragrab
Foodland Balaklava,2025-05-04 23:59:20,Safcol Delicatessen Smoked Oysters In Oil,85g,was $2.80,$2.70,$31.76 per kg,https://foodlandbalaklava.com.au//lines/safcol-oyster-smkd-in-oil-85gm
Foodland Balaklava,2025-05-04 23:59:20,Safcol Premium Salmon In Springwater,95g,N/A,$2.00,$21.05 per kg,https://foodlandbalaklava.com.au//lines/safcol-salm-prem-skn-bone-l95g
Foodland Balaklava,2025-05-04 23:59:20,Safcol Premium Salmon Mild Red Chilli,95g,N/A,$2.00,$21.05 per kg,https://foodlandbalaklava.com.au//lines/safcol-salm-m-chil-o-oil-95gm
Foodland Balaklava,2025-05-04 23:59:20,Safcol Premium Salmon Skinless & Boneless,200g,N/A,$5.00,$25.00 per kg,https://foodlandbalaklava.com.au//lines/safcol-salmon-premium-200gm
Foodland Balaklava,2025-05-04 23:59:20,Safcol Responsibly Fished Tuna In Oil Italian Style,425g,N/A,$4.65,$10.94 per kg,https://foodlandbalaklava.com.au//lines/safcol-tuna-r-fshd-o-oil-425gm
Foodland Balaklava,2025-05-04 23:59:20,Safcol Responsibly Fished Tuna Pieces With Sweet Chilli Sauce,100g,was $2.75,$2.50,$25.00 per kg,https://foodlandbalaklava.com.au//lines/safcol-grm-go-pch-tnas-chl100g
Foodland Balaklava,2025-05-04 23:59:20,Safcol Sardines Springwater,110g,N/A,$1.90,$17.27 per kg,https://foodlandbalaklava.com.au//lines/safcol-sard-brslg-spr-wtr110gm
Foodland Balaklava,2025-05-04 23:59:20,Safcol Tuna Crackers,114g,was $3.70,$3.35,$29.39 per kg,https://foodlandbalaklava.com.au//lines/safcol-tuna-crk-mayo-chip114gm
Foodland Balaklava,2025-05-04 23:59:20,Safcol Tuna Mayo With Cracked Pepper,114g,was $3.70,$3.35,$29.39 per kg,https://foodlandbalaklava.com.au//lines/safcol-tuna-crk-mayo-pep-114g
Foodland Balaklava,2025-05-04 23:59:20,Safcol Tuna Mayo With Crackers,114g,was $3.70,$3.35,$29.39 per kg,https://foodlandbalaklava.com.au//lines/safcol-tuna-crk-mayo-mst-114g
Foodland Balaklava,2025-05-04 23:59:20,Safe4u Toilet Seat Sanitizer,25mL,N/A,$4.99,N/A,https://foodlandbalaklava.com.au//lines/safe4u-toilet-seat-sanitiser-25ml
Foodland Balaklava,2025-05-04 23:59:20,Sagfc Soup Tomato Cndnsd,500g,was $2.10,$1.95,$0.39 per 100g,https://foodlandbalaklava.com.au//lines/sagfc-soup-tomato-cndnsd-500gm
Foodland Balaklava,2025-05-04 23:59:20,Sakata Cheddar Cheese Flavoured Rice Crackers,90g,N/A,$2.10,$2.33 per 100g,https://foodlandbalaklava.com.au//lines/sakata-rice-crkr-chse-90g
Foodland Balaklava,2025-05-04 23:59:20,Sakata Honey Soy Chicken Rice Snacks,100g,was $3.15,$2.50,$2.50 per 100g,https://foodlandbalaklava.com.au//lines/snakata-b-rce-h-soy-chic100gm
Foodland Balaklava,2025-05-04 23:59:20,Sakata Seaweed Rice Crackers,80g,N/A,$2.10,$2.62 per 100g,https://foodlandbalaklava.com.au//lines/sakata-rice-crkr-seaweed-80g
Foodland Balaklava,2025-05-04 23:59:20,Sakata Sour Cream & Chive Rice Crackers,90g,N/A,$2.10,$2.33 per 100g,https://foodlandbalaklava.com.au//lines/sakata-rice-crkr-s-crm-chv90gm
Foodland Balaklava,2025-05-04 23:59:20,Sakata Sweet Chilli Rice Snacks,100g,was $3.15,$2.50,$2.50 per 100g,https://foodlandbalaklava.com.au//lines/snakata-rice-snk-s-chl-ed100gm
Foodland Balaklava,2025-05-04 23:59:20,Salts&​Co Bth Flk Magnsum,750g,was $9.45,$8.20,$1.09 per 100g,https://foodlandbalaklava.com.au//lines/salts-co-bth-flk-magnsum-750gm
Foodland Balaklava,2025-05-04 23:59:20,Salts&​Co Bth Slt Himalayan,1kg,was $9.45,$8.20,$0.82 per 100g,https://foodlandbalaklava.com.au//lines/salts-co-bth-slt-himalayan-1kg
Foodland Balaklava,2025-05-04 23:59:20,Salts&​Co Mgnesium Oil Sry200ml,N/A,N/A,$26.25,$13.12 per 100mL,https://foodlandbalaklava.com.au//lines/salts-co-mgnesium-oil-sry200ml
Foodland Balaklava,2025-05-04 23:59:20,Sam's All Day Brekky,375mL,N/A,$4.70,$1.25 per 100mL,https://foodlandbalaklava.com.au//lines/sam-s-all-day-brekky-375ml
Foodland Balaklava,2025-05-04 23:59:20,Sam's Fruit Lunch,375mL,N/A,$4.70,$1.25 per 100mL,https://foodlandbalaklava.com.au//lines/sam-s-fruit-lunch-375ml-1
Foodland Balaklava,2025-05-04 23:59:20,Sam's Good Belly,375mL,N/A,$4.70,$1.25 per 100mL,https://foodlandbalaklava.com.au//lines/sam-s-good-belly-375ml
Foodland Balaklava,2025-05-04 23:59:20,Sam's Vitamin App/​Guava,375mL,N/A,$4.70,$1.25 per 100mL,https://foodlandbalaklava.com.au//lines/sam-s-vitamin-app-guava-375ml
Foodland Balaklava,2025-05-04 23:59:20,Sam's Vitamin Apple,375mL,N/A,$4.70,$1.25 per 100mL,https://foodlandbalaklava.com.au//lines/sam-s-vitamin-apple-375ml
Foodland Balaklava,2025-05-04 23:59:20,Sam's Vitamin Orange,375mL,N/A,$4.70,$1.25 per 100mL,https://foodlandbalaklava.com.au//lines/sam-s-vitamin-orange-375ml
Foodland Balaklava,2025-05-04 23:59:20,Samba BBQ Smoking Chips,300g,N/A,$9.30,$3.10 per 100g,https://foodlandbalaklava.com.au//lines/samba-bbq-smoking-chips-300g
Foodland Balaklava,2025-05-04 23:59:21,Samba Firelighters 36pk,N/A,N/A,$5.99,N/A,https://foodlandbalaklava.com.au//lines/samba-firelighters-36pk
Foodland Balaklava,2025-05-04 23:59:21,Samba Flexible Gas Lighter 1pk,N/A,N/A,$6.99,N/A,https://foodlandbalaklava.com.au//lines/samba-flexible-gas-lighter-1pk
Foodland Balaklava,2025-05-04 23:59:21,Samboy Atomic Tomato Generic Size,N/A,was $5.25,$3.60,$2.06 per 100g,https://foodlandbalaklava.com.au//lines/samboy-chips-tomato-175gm
Foodland Balaklava,2025-05-04 23:59:21,Samboy Chicken Generic Size,N/A,was $5.25,$3.60,$2.06 per 100g,https://foodlandbalaklava.com.au//lines/samboy-chips-chicken-175gm
Foodland Balaklava,2025-05-04 23:59:21,Samboy Salt And Vinegar,175g,was $5.25,$3.60,$2.06 per 100g,https://foodlandbalaklava.com.au//lines/samboy-chips-salt-vin-175gm
Foodland Balaklava,2025-05-04 23:59:21,Sams Pelmeni Three Meats,800g,N/A,$15.50,$19.38 per kg,https://foodlandbalaklava.com.au//lines/sams-pelmeni-three-meats-800g
Foodland Balaklava,2025-05-04 23:59:21,Sams Pelmeni With Beef & Pork,800g,N/A,$15.50,$19.38 per kg,https://foodlandbalaklava.com.au//lines/sams-pelmeni-with-beef-pork-800g
Foodland Balaklava,2025-05-04 23:59:21,San Remo Active Wholemeal Spirals,500g,N/A,$2.95,$0.59 per 100g,https://foodlandbalaklava.com.au//lines/s-remo-spirals-w-meal-500gm
Foodland Balaklava,2025-05-04 23:59:21,San Remo Brown Rice Penne,250g,was $4.75,$4.40,$1.76 per 100g,https://foodlandbalaklava.com.au//lines/s-remo-g-f-br-rce-penne-250gm
Foodland Balaklava,2025-05-04 23:59:21,San Remo Fresh Agnolotti Spinach & Ricotta,350g,was $7.60,$6.50,$1.86 per 100g,https://foodlandbalaklava.com.au//lines/s-remo-angolti-spn-ric-350gm
Foodland Balaklava,2025-05-04 23:59:21,San Remo Fresh Agnolotti Spinach & Ricotta Family Pack,625g,N/A,$10.50,$1.68 per 100g,https://foodlandbalaklava.com.au//lines/s-remo-agnoloti-spnch-ric625gm
Foodland Balaklava,2025-05-04 23:59:21,San Remo Fresh Beef Ravioli,350g,was $7.60,$6.50,$1.86 per 100g,https://foodlandbalaklava.com.au//lines/s-remo-ravioli-beef-350gm
Foodland Balaklava,2025-05-04 23:59:21,San Remo Fresh Beef Ravioli Family Pack,625g,N/A,$10.50,$1.68 per 100g,https://foodlandbalaklava.com.au//lines/s-remo-ravioli-beef-625gm
Foodland Balaklava,2025-05-04 23:59:21,San Remo Fresh Four Cheese Ravioli,350g,was $7.60,$6.50,$1.86 per 100g,https://foodlandbalaklava.com.au//lines/s-remo-ravioli-four-chse-350gm
Foodland Balaklava,2025-05-04 23:59:21,San Remo Fresh Gourmet Sauce Chunky Bolognaise,425g,was $6.50,$5.50,$1.29 per 100g,https://foodlandbalaklava.com.au//lines/s-remo-p-sce-bologn-chnky425gm
Foodland Balaklava,2025-05-04 23:59:21,San Remo Fresh Sundried Tomato & Basil Ravioli,400g,was $9.35,$8.25,$2.06 per 100g,https://foodlandbalaklava.com.au//lines/s-remo-vegn-rav-s-d-tom-400gm
Foodland Balaklava,2025-05-04 23:59:21,San Remo Fresh Tortellini Cheese And Spinach,350g,was $7.60,$6.50,$1.86 per 100g,https://foodlandbalaklava.com.au//lines/s-remo-tortellini-chs-spn350gm
Foodland Balaklava,2025-05-04 23:59:21,San Remo Gluten Free Fettuccine,350g,was $4.75,$4.40,$1.26 per 100g,https://foodlandbalaklava.com.au//lines/s-remo-g-free-fettuccine-350gm
Foodland Balaklava,2025-05-04 23:59:21,San Remo Gluten Free Gnocchi,500g,was $5.80,$5.30,$1.06 per 100g,https://foodlandbalaklava.com.au//lines/s-remo-g-free-gnocchi-500gm
Foodland Balaklava,2025-05-04 23:59:21,San Remo Gluten Free Penne,350g,was $4.75,$4.40,$1.26 per 100g,https://foodlandbalaklava.com.au//lines/s-remo-g-free-penne-350gm
Foodland Balaklava,2025-05-04 23:59:21,San Remo Gluten Free Spaghetti,350g,was $4.75,$4.40,$1.26 per 100g,https://foodlandbalaklava.com.au//lines/s-remo-g-free-spaghetti-350gm
Foodland Balaklava,2025-05-04 23:59:21,San Remo Gnocchi,375g,was $5.80,$4.95,$1.32 per 100g,https://foodlandbalaklava.com.au//lines/s-remo-gnocchi-375gm
Foodland Balaklava,2025-05-04 23:59:21,San Remo La Pasta Alfredo,80g,N/A,$1.40,$1.75 per 100g,https://foodlandbalaklava.com.au//lines/la-past-sgl-alfredo-80gm
Foodland Balaklava,2025-05-04 23:59:21,San Remo La Pasta Chicken Curry,80g,N/A,$1.40,$1.75 per 100g,https://foodlandbalaklava.com.au//lines/la-past-snk-chicken-curry-80gm
Foodland Balaklava,2025-05-04 23:59:21,San Remo La Pasta Creamy Cheese,80g,N/A,$1.40,$1.75 per 100g,https://foodlandbalaklava.com.au//lines/la-past-snk-crmy-cheese-80gm
Foodland Balaklava,2025-05-04 23:59:21,San Remo La Pasta Mushroom & Onion,120g,was $2.75,$2.00,$1.67 per 100g,https://foodlandbalaklava.com.au//lines/la-past-pen-crm-mr-on4srv120gm
Foodland Balaklava,2025-05-04 23:59:21,San Remo La Pasta Sour Cream & Chives,120g,was $2.75,$2.00,$1.67 per 100g,https://foodlandbalaklava.com.au//lines/la-past-sour-crm-chve4srv120gm
Foodland Balaklava,2025-05-04 23:59:21,San Remo La Pasta Sour Cream & Chives,80g,N/A,$1.40,$1.75 per 100g,https://foodlandbalaklava.com.au//lines/la-past-snk-sr-crm-chives-80gm
Foodland Balaklava,2025-05-04 23:59:21,San Remo No. 2 Vermicelli,500g,N/A,$2.95,$0.59 per 100g,https://foodlandbalaklava.com.au//lines/s-remo-vermicelli-no2-500gm
Foodland Balaklava,2025-05-04 23:59:21,San Remo No. 27 Curls,500g,N/A,$2.95,$0.59 per 100g,https://foodlandbalaklava.com.au//lines/s-remo-curls-500gm
Foodland Balaklava,2025-05-04 23:59:21,San Remo No. 5 Spaghetti Family Pack,750g,N/A,$3.80,$0.51 per 100g,https://foodlandbalaklava.com.au//lines/s-remo-spaghetti-no5-750gm
Foodland Balaklava,2025-05-04 23:59:21,San Remo No. 9 Angel Hair Spaghetti,500g,N/A,$2.95,$0.59 per 100g,https://foodlandbalaklava.com.au//lines/s-remo-angel-hair-spagh-500gm
Foodland Balaklava,2025-05-04 23:59:21,San Remo Pasta Sauce Carbonara,400g,was $6.50,$5.50,$1.38 per 100g,https://foodlandbalaklava.com.au//lines/s-remo-p-sce-carbonara-400gm
Foodland Balaklava,2025-05-04 23:59:21,San Remo Pasta Sauce Chunky Tomato Onion & Garlic,425g,was $6.50,$5.50,$1.29 per 100g,https://foodlandbalaklava.com.au//lines/s-remo-p-sce-to-on-ga-chnk425g
Foodland Balaklava,2025-05-04 23:59:21,San Remo Pasta Sauce Napolitana,500g,N/A,$4.85,$0.97 per 100g,https://foodlandbalaklava.com.au//lines/s-remo-napolitana-sauce-500gm
Foodland Balaklava,2025-05-04 23:59:21,San Remo Pulse Pasta Red Lentils Spirals,250g,was $4.75,$4.40,$1.76 per 100g,https://foodlandbalaklava.com.au//lines/s-remo-spirals-r-lentil-250gm
Foodland Balaklava,2025-05-04 23:59:21,San Remo Ravioli Chicken & Mushroom,350g,was $7.60,$6.50,$1.86 per 100g,https://foodlandbalaklava.com.au//lines/s-remo-ravioli-chkn-mush-350gm
Foodland Balaklava,2025-05-04 23:59:21,San Remo Spinach Fettuccine No 13,500g,N/A,$2.95,$0.59 per 100g,https://foodlandbalaklava.com.au//lines/s-remo-fettuccine-spinch-500gm
Foodland Balaklava,2025-05-04 23:59:21,Sanitarium Weet-Bix Bites Coco Crunch Breakfast Cereal,500g,N/A,$6.00,$1.20 per 100g,https://foodlandbalaklava.com.au//lines/sanit-weet-bix-bite-coco-500g
Foodland Balaklava,2025-05-04 23:59:21,Sanitarium Weet-Bix Cranberry & Coconut Breakfast Cereal,450g,N/A,$6.00,$1.33 per 100g,https://foodlandbalaklava.com.au//lines/sanit-weet-bix-cranberry-450gm
Foodland Balaklava,2025-05-04 23:59:21,Sanitarium Weet-Bix Gluten Free Breakfast Cereal,375g,N/A,$5.80,$1.55 per 100g,https://foodlandbalaklava.com.au//lines/sanit-weet-bix-g-free-375gm
Foodland Balaklava,2025-05-04 23:59:21,Sanitarium Weet-Bix Honey & Golden Oats Breakfast Cereal,450g,N/A,$6.00,$1.33 per 100g,https://foodlandbalaklava.com.au//lines/sanit-weet-bix-hny-oats-450gm
Foodland Balaklava,2025-05-04 23:59:21,Sanitarium Weet-Bix Multi-Grain+ Breakfast Cereal,575g,N/A,$6.00,$1.04 per 100g,https://foodlandbalaklava.com.au//lines/sanit-weet-bix-multigrain575gm
Foodland Balaklava,2025-05-04 23:59:21,Sanofi Calamine Lotion,200mL,was $5.45,$4.60,$2.30 per 100mL,https://foodlandbalaklava.com.au//lines/sanofi-calamine-lotion-200ml
Foodland Balaklava,2025-05-04 23:59:21,Sanofi Hydrogen Peroxide,200mL,N/A,$4.50,$2.25 per 100mL,https://foodlandbalaklava.com.au//lines/sanofi-hydrogen-peroxide-200ml
Foodland Balaklava,2025-05-04 23:59:21,Sara Lee Apple Danish,400g,was $7.90,$6.50,$1.62 per 100g,https://foodlandbalaklava.com.au//lines/s-lee-danish-apple-400gm-1
Foodland Balaklava,2025-05-04 23:59:21,Sara Lee Bavarian Chocolate Swirl,375g,N/A,$8.95,$2.39 per 100g,https://foodlandbalaklava.com.au//lines/s-lee-bavarian-choc-swrl-375gm
Foodland Balaklava,2025-05-04 23:59:21,Sara Lee Blueberry Danish,400g,was $7.90,$6.50,$1.62 per 100g,https://foodlandbalaklava.com.au//lines/s-lee-danish-blueberry-400gm-1
Foodland Balaklava,2025-05-04 23:59:22,Sara Lee Bluey & Muffin’​S Apple & Cinnamon Muffins,4 x 40g,was $5.80,$4.00,$2.50 per 100g,https://foodlandbalaklava.com.au//lines/s-lee-mfn-bluey-apl-cinn4x40gm
Foodland Balaklava,2025-05-04 23:59:22,Sara Lee Bluey & Oat Muffins,4 x 40g,was $5.80,$4.00,$2.50 per 100g,https://foodlandbalaklava.com.au//lines/s-lee-mfn-bluey-bbry-oat4x40gm
Foodland Balaklava,2025-05-04 23:59:22,Sara Lee Cake Carrot,350g,N/A,$8.95,$2.24 per 100g,https://foodlandbalaklava.com.au//lines/s-lee-cake-carrot-400gm
Foodland Balaklava,2025-05-04 23:59:22,Sara Lee Cake Chocolate,350g,N/A,$8.95,$2.56 per 100g,https://foodlandbalaklava.com.au//lines/s-lee-cake-chocolate-350gm
Foodland Balaklava,2025-05-04 23:59:22,Sara Lee Cheesecake Ice Cream,475mL,N/A,$8.50,$1.79 per 100mL,https://foodlandbalaklava.com.au//lines/s-lee-i-crm-lmn-chsecke-475ml
Foodland Balaklava,2025-05-04 23:59:22,Sara Lee Cheesecake Mixed Berry,410g,N/A,$8.95,$2.18 per 100g,https://foodlandbalaklava.com.au//lines/s-lee-ch-cake-mxd-bry-410gm
Foodland Balaklava,2025-05-04 23:59:22,Sara Lee Cheesecake Strawberry,410g,N/A,$8.95,$2.18 per 100g,https://foodlandbalaklava.com.au//lines/s-lee-ch-cake-strwbry-410gm
Foodland Balaklava,2025-05-04 23:59:22,Sara Lee Chocolate & Caramel Snack Cookie Pies,N/A,was $10.00,$9.30,$2.45 per 100g,https://foodlandbalaklava.com.au//lines/s-lee-snk-ckipie-choc-crml-4pk
Foodland Balaklava,2025-05-04 23:59:22,Sara Lee Cinnamon Waffles,N/A,N/A,$7.90,$3.16 per 100g,https://foodlandbalaklava.com.au//lines/s-lee-waffles-cinnamon-5pk
Foodland Balaklava,2025-05-04 23:59:22,Sara Lee Cold Desserts Choc Ganache Baked Cheesecake,760g,N/A,$16.50,$2.17 per 100g,https://foodlandbalaklava.com.au//lines/s-lee-ch-cake-choc-ganche760gm
Foodland Balaklava,2025-05-04 23:59:22,Sara Lee Deep Dish Pie Apple Crumble,800g,was $11.05,$10.30,$1.29 per 100g,https://foodlandbalaklava.com.au//lines/s-lee-pie-d-dsh-apl-crmb-800gm
Foodland Balaklava,2025-05-04 23:59:22,Sara Lee Deep Dish Pie Baked Apple,800g,was $11.05,$10.30,$1.29 per 100g,https://foodlandbalaklava.com.au//lines/s-lee-pie-d-dsh-apl-bked-800gm
Foodland Balaklava,2025-05-04 23:59:22,Sara Lee Deluxe Snack Cookie Pies Double Choc Chip 4 Pack,N/A,was $10.00,$9.30,$2.45 per 100g,https://foodlandbalaklava.com.au//lines/s-lee-snk-ckipie-dbl-choc-4pk
Foodland Balaklava,2025-05-04 23:59:22,Sara Lee French Vanilla Ice Cream 1,N/A,N/A,$8.50,$0.85 per 100mL,https://foodlandbalaklava.com.au//lines/s-lee-i-crm-frnch-vanilla-1l
Foodland Balaklava,2025-05-04 23:59:22,Sara Lee New York Style Baked Cheese Cake,N/A,N/A,$7.35,$4.59 per 100g,https://foodlandbalaklava.com.au//lines/s-lee-ch-cake-ny-bkd-m-2-x-160g
Foodland Balaklava,2025-05-04 23:59:22,Sara Lee Pain Au Chocolate,225g,N/A,$5.80,$2.58 per 100g,https://foodlandbalaklava.com.au//lines/s-lee-pain-au-chocolate-225g
Foodland Balaklava,2025-05-04 23:59:22,Sara Lee Pudding Chocolate,475g,N/A,$8.95,$1.88 per 100g,https://foodlandbalaklava.com.au//lines/s-lee-pudd-chocolate-475gm
Foodland Balaklava,2025-05-04 23:59:22,Sara Lee Pudding Sticky Date,475g,N/A,$8.95,$1.88 per 100g,https://foodlandbalaklava.com.au//lines/s-lee-pudd-sticky-date-475gm
Foodland Balaklava,2025-05-04 23:59:22,Sara Lee Rocky Road Overload Ice Cream 1,N/A,N/A,$8.50,$0.85 per 100mL,https://foodlandbalaklava.com.au//lines/s-lee-i-crm-indul-rcky-rd-1l
Foodland Balaklava,2025-05-04 23:59:22,Sara Lee Ultra Chocolate Ice Cream 1,N/A,N/A,$8.50,$0.85 per 100mL,https://foodlandbalaklava.com.au//lines/s-lee-i-crm-ultra-choc-1l
Foodland Balaklava,2025-05-04 23:59:22,Sard Colour Catcher Max Protect Colour Run Protector For Mixed Washes 15 Sheets,N/A,N/A,$6.30,$0.42 Each,https://foodlandbalaklava.com.au//lines/sard-colour-catcher-15s
Foodland Balaklava,2025-05-04 23:59:22,"Sard Power, Stain Remover Soaker Powder,",1kg,was $11.55,$8.15,$8.15 per kg,https://foodlandbalaklava.com.au//lines/sard-oxy-plus-eucalyptus-1kg
Foodland Balaklava,2025-05-04 23:59:22,"Sard Power, Stain Remover Spray, Effective On All Major Stain Types",450mL,was $8.40,$7.00,$15.56 per L,https://foodlandbalaklava.com.au//lines/sard-power-spry-trig-450ml
Foodland Balaklava,2025-05-04 23:59:22,"Sard Super Power, Stain Remover Refill For Spray, Our Strongest Stain Remover Spray,",420mL,N/A,$4.50,$10.71 per L,https://foodlandbalaklava.com.au//lines/sard-super-power-spry-ref420ml
Foodland Balaklava,2025-05-04 23:59:22,"Sard Super Power, Stain Remover Soaker Powder,",1.8kg,was $21.00,$14.40,$8.00 per kg,https://foodlandbalaklava.com.au//lines/sard-super-power-pwd-1-8kg
Foodland Balaklava,2025-05-04 23:59:22,"Sard Super Power, Stain Remover Spray, Our Strongest Stain Remover Spray,",420mL,was $8.40,$7.00,$16.67 per L,https://foodlandbalaklava.com.au//lines/sard-super-power-tri-spry420ml
Foodland Balaklava,2025-05-04 23:59:22,"Sard Washing Machine Cleaner 5 In 1 Deep Clean Action, 2 Treatments",N/A,N/A,$10.50,$7.00 per 100g,https://foodlandbalaklava.com.au//lines/sard-clnr-wshing-mach-130ml
Foodland Balaklava,2025-05-04 23:59:22,"Sard Whiter & Brighter, Stain Remover Soaker Powder,",3kg,was $21.00,$14.40,$7.20 per kg,https://foodlandbalaklava.com.au//lines/sard-ultra-whitening-pwd-2kg
Foodland Balaklava,2025-05-04 23:59:22,"Sard Wonder Power Eucalyptus, Stain Remover Soap,",125g,N/A,$4.20,$35.00 per kg,https://foodlandbalaklava.com.au//lines/sard-wonder-soap-125gm
Foodland Balaklava,2025-05-04 23:59:22,"Sard Wonder Stick, Pre-Treater Stain Remover Stick,",100g,N/A,$6.30,$63.00 per kg,https://foodlandbalaklava.com.au//lines/sard-wonder-stick-100gm
Foodland Balaklava,2025-05-04 23:59:22,Savlon Soothing And Healing Antiseptic Cream,75g,N/A,$8.40,$11.20 per 100g,https://foodlandbalaklava.com.au//lines/savlon-antiseptic-cream-75gm
Foodland Balaklava,2025-05-04 23:59:22,Savoury Loaf,N/A,N/A,$18.00,N/A,https://foodlandbalaklava.com.au//lines/savoury-loaf-1
Foodland Balaklava,2025-05-04 23:59:22,Saxa Rock Salt,500g,N/A,$2.95,$0.59 per 100g,https://foodlandbalaklava.com.au//lines/saxa-salt-rock-500gm-1
Foodland Balaklava,2025-05-04 23:59:22,Saxa® Cooking Salt,1kg,N/A,$2.75,$0.28 per 100g,https://foodlandbalaklava.com.au//lines/saxa-salt-cooking-1kg
Foodland Balaklava,2025-05-04 23:59:22,Saxa® Cooking Salt,2kg,N/A,$3.70,$0.18 per 100g,https://foodlandbalaklava.com.au//lines/saxa-salt-cooking-2kg
Foodland Balaklava,2025-05-04 23:59:22,Saxa® Ground Black Pepper,50g,N/A,$4.75,$0.95 per 10g,https://foodlandbalaklava.com.au//lines/saxa-pepper-black-ground-50gm
Foodland Balaklava,2025-05-04 23:59:22,Saxa® Iodised Cooking Salt,1kg,N/A,$2.75,$0.28 per 100g,https://foodlandbalaklava.com.au//lines/saxa-salt-cooking-iodised-1kg
Foodland Balaklava,2025-05-04 23:59:22,Saxa® Iodised Rock Salt,500g,N/A,$2.95,$0.59 per 100g,https://foodlandbalaklava.com.au//lines/saxa-salt-rock-s-crstl-iod500g
Foodland Balaklava,2025-05-04 23:59:22,Saxa® Iodised Table Salt,750g,N/A,$4.75,$0.63 per 100g,https://foodlandbalaklava.com.au//lines/saxa-salt-iodized-drum-750gm
Foodland Balaklava,2025-05-04 23:59:22,Saxa® Iodised Table Salt Picnic Pack,125g,N/A,$2.95,$2.36 per 100g,https://foodlandbalaklava.com.au//lines/saxa-salt-iodised-pic-pk-125gm
Foodland Balaklava,2025-05-04 23:59:22,SCALLOP POTATO,N/A,N/A,$24.99,N/A,https://foodlandbalaklava.com.au//lines/jl-king-scallop-potato-rw
Foodland Balaklava,2025-05-04 23:59:22,Schick Exacta 2 Sensitive 18+​2 Pack,N/A,N/A,$13.65,$0.76 Each,https://foodlandbalaklava.com.au//lines/schick-ext2-sens-vitamn-e-18s
Foodland Balaklava,2025-05-04 23:59:22,Schick Exacta 2 Sensitive 5 Pack,N/A,N/A,$4.75,$0.95 Each,https://foodlandbalaklava.com.au//lines/schick-ext2-dis-enh-s-skn-5-1s
Foodland Balaklava,2025-05-04 23:59:22,Schick Hydro 3 Comfort Razor Handle + 1 Refill,N/A,was $11.55,$7.00,N/A,https://foodlandbalaklava.com.au//lines/schick-hydro-3-razor-kit-1s
Foodland Balaklava,2025-05-04 23:59:22,Schick Hydro 5 Blades Refill 4 Pack,N/A,was $26.25,$18.00,$4.50 Each,https://foodlandbalaklava.com.au//lines/schick-hydro-5-razor-bld-4s
Foodland Balaklava,2025-05-04 23:59:22,Schick Hydro 5 Razor Kit,N/A,was $16.30,$11.00,N/A,https://foodlandbalaklava.com.au//lines/schick-hydro-5-razor-kit-1s
Foodland Balaklava,2025-05-04 23:59:22,Schick Hydro Moisturising Shave Gel,198g,N/A,$7.35,$3.71 per 100g,https://foodlandbalaklava.com.au//lines/schick-hyd-shv-gel-moist-198gm
Foodland Balaklava,2025-05-04 23:59:22,Schick Hydro Skin Sensitive Gel,198g,N/A,$7.35,$3.71 per 100g,https://foodlandbalaklava.com.au//lines/schick-shv-gel-snst-198gm
Foodland Balaklava,2025-05-04 23:59:23,Schick Hydro Skin Sensitive Gel,70g,was $5.80,$3.50,$5.00 per 100g,https://foodlandbalaklava.com.au//lines/schick-shv-gel-hyd-sens-70gm
Foodland Balaklava,2025-05-04 23:59:23,Schick Intuition Lemon Berry Kit +​2 Refills,N/A,was $15.75,$10.00,$5.00 Each,https://foodlandbalaklava.com.au//lines/schick-intuit-kit-lmn-bry-2s
Foodland Balaklava,2025-05-04 23:59:23,Schick Intuition Lemon Berry Refill 6pk,N/A,was $25.00,$16.50,$2.75 Each,https://foodlandbalaklava.com.au//lines/schick-intuit-blds-lmn-bry-6s
Foodland Balaklava,2025-05-04 23:59:23,Schick Intuition Pure Nourishment Razor Kit 2pk,N/A,was $15.75,$10.00,N/A,https://foodlandbalaklava.com.au//lines/schick-intuition-p-nour-kit2-s
Foodland Balaklava,2025-05-04 23:59:23,Schick Intuition Pure Nourishment Refills 3pk 3pk,N/A,was $16.30,$12.00,$4.00 Each,https://foodlandbalaklava.com.au//lines/schick-intuition-p-nourish-3s
Foodland Balaklava,2025-05-04 23:59:23,Schick Intuition Sensitive Care Disposables 2pk,N/A,N/A,$11.05,$552.50 Units100,https://foodlandbalaklava.com.au//lines/schick-intuition-sens-disp-2pk
Foodland Balaklava,2025-05-04 23:59:23,Schick Quattro Titanium 4 Razor Kit,N/A,was $12.60,$8.40,N/A,https://foodlandbalaklava.com.au//lines/schick-quatro-kit-titan-up-1pk
Foodland Balaklava,2025-05-04 23:59:23,Schick Quattro Titanium 4 Razor Kit + 5 Refills,N/A,N/A,$17.85,"$1,785.00 Units100",https://foodlandbalaklava.com.au//lines/schick-quatro-kit-titan-disp-5
Foodland Balaklava,2025-05-04 23:59:23,Schick Silk 4 Disposable Razors 3pk,N/A,N/A,$10.50,$3.50 Each,https://foodlandbalaklava.com.au//lines/schick-quatro-disp-womens-3s
Foodland Balaklava,2025-05-04 23:59:23,Schick Silk 4 Razor Kit +​2,N/A,was $8.95,$7.50,N/A,https://foodlandbalaklava.com.au//lines/schick-quatro-kit-women-1pk
Foodland Balaklava,2025-05-04 23:59:23,Schick Silk Hydro Moisture Care* Razor Kit +​2,N/A,was $17.35,$11.00,$5.50 Each,https://foodlandbalaklava.com.au//lines/schick-hydro-silk-kit-2s
Foodland Balaklava,2025-05-04 23:59:23,Schick Silk Salon Touch Up Disposable Razors 3pk 3pk,N/A,N/A,$12.60,$4.20 Each,https://foodlandbalaklava.com.au//lines/schick-hydro-silk-touch-up-3s
Foodland Balaklava,2025-05-04 23:59:23,Schick Silk Shave Gel Sensitive,198g,N/A,$8.40,$4.24 per 100g,https://foodlandbalaklava.com.au//lines/schick-silk-shv-gel-sens-198g
Foodland Balaklava,2025-05-04 23:59:23,Schick Womens Silk 3 Sens 8pk,N/A,N/A,$10.50,$1.31 Each,https://foodlandbalaklava.com.au//lines/schick-ext3-disp-sens-women-8s
Foodland Balaklava,2025-05-04 23:59:23,Schick Xtreme 3 Kit +​6 Men Value Pack,N/A,N/A,$10.00,$166.67 Units100,https://foodlandbalaklava.com.au//lines/schick-xtreme-3-hybrid-kit-6
Foodland Balaklava,2025-05-04 23:59:23,Schick Xtreme 3 Sensitive Disposable Razor 10 Pack,N/A,N/A,$11.75,$1.18 Each,https://foodlandbalaklava.com.au//lines/schick-ext3-disp-sens-10s
Foodland Balaklava,2025-05-04 23:59:23,Schick Xtreme 3 Ultimate 4 Pack,N/A,N/A,$7.90,$1.98 Each,https://foodlandbalaklava.com.au//lines/schick-xtr3-ultim-disp-men-4s
Foodland Balaklava,2025-05-04 23:59:23,Schmackos Chomp 'N' Chew Dog Treat Beef,60g,N/A,$5.25,$8.75 per 100g,https://foodlandbalaklava.com.au//lines/schmackos-chomp-chew-bf-l-d60g
Foodland Balaklava,2025-05-04 23:59:23,Schmackos Chomp 'N' Chew Dog Treat Peanut Butter & Chicken,60g,N/A,$5.25,$8.75 per 100g,https://foodlandbalaklava.com.au//lines/schmackos-chomp-chw-pb-chk60gm
Foodland Balaklava,2025-05-04 23:59:23,Schmackos Cravin' Chicken Air-Dried Strapz Dog Treats With Chicken Bag,200g,was $8.40,$7.45,$3.72 per 100g,https://foodlandbalaklava.com.au//lines/schmackos-strp-chicken-200gm
Foodland Balaklava,2025-05-04 23:59:23,Schmackos Kebabs BBQ & Lamb Flavours 7 Pieces,N/A,N/A,$7.35,$8.17 per 100g,https://foodlandbalaklava.com.au//lines/schmacko-bbq-lamb-kebab-90gm
Foodland Balaklava,2025-05-04 23:59:23,Schmackos Liver Lover Air-Dried Strapz Dog Treats With Liver Bag,200g,was $8.40,$7.45,$3.72 per 100g,https://foodlandbalaklava.com.au//lines/schmackos-strp-liver-200gm
Foodland Balaklava,2025-05-04 23:59:23,Schmackos Marrobones Dog Treats Original Bag,737g,was $14.20,$12.65,$1.72 per 100g,https://foodlandbalaklava.com.au//lines/schmackos-marrowbone-737gm
Foodland Balaklava,2025-05-04 23:59:23,Schmackos Mini Strapz Dog Treat Training Bites With Chicken & Milk Flavour,120g,N/A,$5.25,$4.38 per 100g,https://foodlandbalaklava.com.au//lines/schmackos-strapz-pup-min-120g
Foodland Balaklava,2025-05-04 23:59:23,Schmackos Real Beefy Air-Dried Strapz Dog Treats With Beef Bag,200g,was $8.40,$7.45,$3.72 per 100g,https://foodlandbalaklava.com.au//lines/schmackos-strp-beef-200gm
Foodland Balaklava,2025-05-04 23:59:23,Schmackos Sizzlin' Baa-Bq Air-Dried Strapz Dog Treats BBQ Lamb Flavours Bag,200g,was $8.40,$7.45,$3.72 per 100g,https://foodlandbalaklava.com.au//lines/schmackos-strapz-bbq-lamb200gm
Foodland Balaklava,2025-05-04 23:59:23,Schmackos Strapz Puppy Chicken & Milk Flavour,200g,was $8.40,$7.45,$3.72 per 100g,https://foodlandbalaklava.com.au//lines/schmackos-strapz-pup-chic200gm
Foodland Balaklava,2025-05-04 23:59:23,Schmackos Strips BBQ & Smokey Bacon Flavours,70g,N/A,$7.35,$10.50 per 100g,https://foodlandbalaklava.com.au//lines/schmackos-bbq-bacon-chips-70gm
Foodland Balaklava,2025-05-04 23:59:23,Schmackos Tasty Bites Dog Treat Chewy Slices Beef Bag,155g,was $5.25,$4.95,$3.19 per 100g,https://foodlandbalaklava.com.au//lines/schmackos-tb-bf-chw-sli-155gm
Foodland Balaklava,2025-05-04 23:59:23,Schmakos Mini Beef Sticks,120g,N/A,$5.25,$4.38 per 100g,https://foodlandbalaklava.com.au//lines/schmackos-stix-beef-mini-120g
Foodland Balaklava,2025-05-04 23:59:23,Schmeks Chilli Beef Jerky,20g,N/A,$4.50,$2.25 per 10g,https://foodlandbalaklava.com.au//lines/beef-jerky-hot-spicy-schmeks-20g
Foodland Balaklava,2025-05-04 23:59:23,School M/​F P/​Tail Hld Maroon 6pk,N/A,N/A,$4.99,$0.83 Each,https://foodlandbalaklava.com.au//lines/school-m-f-p-tail-hld-maroon-6pk
Foodland Balaklava,2025-05-04 23:59:23,School M/​Fr P/​Tail Hld Gld 6pk,N/A,N/A,$4.99,$0.83 Each,https://foodlandbalaklava.com.au//lines/school-m-fr-p-tail-hld-gld-6pk
Foodland Balaklava,2025-05-04 23:59:23,Schoolies Ribbon Bow Maroon,N/A,N/A,$4.99,N/A,https://foodlandbalaklava.com.au//lines/schoolies-ribbon-bow-maroon
Foodland Balaklava,2025-05-04 23:59:23,Schwarzkopf Brilliance 03 Dark Amethyst,N/A,N/A,$22.00,N/A,https://foodlandbalaklava.com.au//lines/schwarz-brill-dark-amethyst-03
Foodland Balaklava,2025-05-04 23:59:23,Schwarzkopf Brilliance 05 Dark Ruby,N/A,N/A,$22.00,N/A,https://foodlandbalaklava.com.au//lines/schwarz-brill-dark-ruby-05
Foodland Balaklava,2025-05-04 23:59:23,Schwarzkopf Brilliance 43 Red Passion,N/A,N/A,$22.00,N/A,https://foodlandbalaklava.com.au//lines/schwarz-brill-red-passion-43
Foodland Balaklava,2025-05-04 23:59:23,Schwarzkopf Brilliance 68 Chocolate Rush,N/A,N/A,$22.00,N/A,https://foodlandbalaklava.com.au//lines/schwarz-brill-choc-rush-68
Foodland Balaklava,2025-05-04 23:59:23,Schwarzkopf Brilliance 85 Violet Vision,N/A,N/A,$22.00,N/A,https://foodlandbalaklava.com.au//lines/schwarz-brill-violet-vision-85
Foodland Balaklava,2025-05-04 23:59:23,Schwarzkopf Brilliance 88 Dark Brown Allure,N/A,N/A,$22.00,N/A,https://foodlandbalaklava.com.au//lines/schwarz-brill-drk-brn-allur-88
Foodland Balaklava,2025-05-04 23:59:23,Schwarzkopf Brilliance 89 Bitter Sweet Chocolate,N/A,N/A,$22.00,N/A,https://foodlandbalaklava.com.au//lines/schwarz-brill-btr-swt-choc-89
Foodland Balaklava,2025-05-04 23:59:23,Schwarzkopf Brilliance 90 Black,N/A,N/A,$22.00,N/A,https://foodlandbalaklava.com.au//lines/schwarz-brill-black-90
Foodland Balaklava,2025-05-04 23:59:23,Schwarzkopf Brilliance L43 Smouldering Red,N/A,N/A,$22.00,N/A,https://foodlandbalaklava.com.au//lines/schwarz-brill-smould-red-l43
Foodland Balaklava,2025-05-04 23:59:23,Schwarzkopf Brilliance L68 Cinnamon Brown,N/A,N/A,$22.00,N/A,https://foodlandbalaklava.com.au//lines/schwarz-brill-cin-brown-l68
Foodland Balaklava,2025-05-04 23:59:23,Schwarzkopf Extra Care Aqua Revive Conditioner,400mL,was $9.45,$4.50,$1.12 per 100mL,https://foodlandbalaklava.com.au//lines/extra-care-cond-aqu-rev-400ml
Foodland Balaklava,2025-05-04 23:59:23,Schwarzkopf Extra Care Aqua Revive Shampoo,400mL,was $9.45,$4.50,$1.12 per 100mL,https://foodlandbalaklava.com.au//lines/extra-care-s-poo-aqu-rev-400ml
Foodland Balaklava,2025-05-04 23:59:23,Schwarzkopf Extra Care Colour Perfector Protecting Conditioner,400mL,was $9.45,$4.50,$1.12 per 100mL,https://foodlandbalaklava.com.au//lines/extra-care-cond-col-prft-400ml
Foodland Balaklava,2025-05-04 23:59:23,Schwarzkopf Extra Care Curl Flex Crè​me,200mL,N/A,$15.00,$7.50 per 100mL,https://foodlandbalaklava.com.au//lines/extra-care-crm-curl-flex-200ml
Foodland Balaklava,2025-05-04 23:59:25,Schwarzkopf Extra Care Daily Oil Elixir,100mL,N/A,$17.00,$17.00 per 100mL,https://foodlandbalaklava.com.au//lines/extra-care-oil-elixir-100ml
Foodland Balaklava,2025-05-04 23:59:25,Schwarzkopf Extra Care Keratin Heat Protect Spray,250mL,N/A,$15.00,$6.00 per 100mL,https://foodlandbalaklava.com.au//lines/extra-care-heat-spy-krtn-250ml
Foodland Balaklava,2025-05-04 23:59:25,Schwarzkopf Extra Care Keratin Strength Mousse,150g,N/A,$9.45,$6.30 per 100g,https://foodlandbalaklava.com.au//lines/extra-care-mousse-ult-st-150gm
Foodland Balaklava,2025-05-04 23:59:25,Schwarzkopf Extra Care Marrakesh Oil & Coconut Replenishing Conditioner,950mL,was $19.00,$9.50,$1.00 per 100mL,https://foodlandbalaklava.com.au//lines/extra-care-cond-mrk-oil-950ml
Foodland Balaklava,2025-05-04 23:59:25,Schwarzkopf Extra Care Non-Aerosol Hair Spray Strong,200mL,N/A,$10.85,$5.42 per 100mL,https://foodlandbalaklava.com.au//lines/extra-care-h-spry-st-hld-200ml
Foodland Balaklava,2025-05-04 23:59:25,Schwarzkopf Extra Care Normal Balance Nourishing Express Repair Conditioner,250mL,N/A,$14.70,$5.88 per 100mL,https://foodlandbalaklava.com.au//lines/extra-care-l-in-con-norm-250ml
Foodland Balaklava,2025-05-04 23:59:25,Schwarzkopf Extra Care Normal Balance Nourishing Leave In Treatment,150mL,N/A,$14.70,$9.80 per 100mL,https://foodlandbalaklava.com.au//lines/extra-care-l-in-trt-norm-150ml-1
Foodland Balaklava,2025-05-04 23:59:25,Schwarzkopf Extra Care Push Up Volume Hairspray,250g,N/A,$10.50,$4.20 per 100g,https://foodlandbalaklava.com.au//lines/extra-care-vol-sty-hairsp250gm
Foodland Balaklava,2025-05-04 23:59:25,Schwarzkopf Extra Care Push Up Volume Lifting Conditioner,400mL,was $9.45,$4.50,$1.12 per 100mL,https://foodlandbalaklava.com.au//lines/extra-care-cond-p-up-vlm-400ml
Foodland Balaklava,2025-05-04 23:59:25,Schwarzkopf Extra Care Push Up Volume Lifting Shampoo,400mL,was $9.45,$4.50,$1.12 per 100mL,https://foodlandbalaklava.com.au//lines/extra-care-s-poo-p-up-vlm400ml
Foodland Balaklava,2025-05-04 23:59:25,Schwarzkopf Extra Care Push Up Volume Mousse,150g,N/A,$9.45,$6.30 per 100g,https://foodlandbalaklava.com.au//lines/extra-care-vol-mousse-150gm
Foodland Balaklava,2025-05-04 23:59:25,Schwarzkopf Extra Care Push Up Volume Powder,10g,N/A,$11.55,$115.50 per 100g,https://foodlandbalaklava.com.au//lines/extra-care-inst-vol-pwdr-10gm
Foodland Balaklava,2025-05-04 23:59:25,Schwarzkopf Extra Care Strong Styling Hairspray,250g,N/A,$10.90,$4.36 per 100g,https://foodlandbalaklava.com.au//lines/extra-care-h-spray-st-hld250gm
Foodland Balaklava,2025-05-04 23:59:25,Schwarzkopf Extra Care Strong Styling Hairspray,400g,N/A,$13.65,$3.41 per 100g,https://foodlandbalaklava.com.au//lines/extra-care-h-spray-st-hld400gm
Foodland Balaklava,2025-05-04 23:59:25,Schwarzkopf Extra Care Super Styling Lacquer,250g,N/A,$10.50,$4.20 per 100g,https://foodlandbalaklava.com.au//lines/extra-care-styl-lacq-supr250gm
Foodland Balaklava,2025-05-04 23:59:25,Schwarzkopf Extra Care Super Styling Lacquer,400g,N/A,$13.65,$3.41 per 100g,https://foodlandbalaklava.com.au//lines/extra-care-styl-lacq-supr400gm
Foodland Balaklava,2025-05-04 23:59:25,Schwarzkopf Extra Care Supreme Length Fortifying Conditioner,400mL,was $9.45,$4.50,$1.12 per 100mL,https://foodlandbalaklava.com.au//lines/extra-care-cond-sup-lth-400ml
Foodland Balaklava,2025-05-04 23:59:25,Schwarzkopf Extra Care Supreme Length Fortifying Shampoo,400mL,was $9.45,$4.50,$1.12 per 100mL,https://foodlandbalaklava.com.au//lines/extra-care-s-poo-sup-lth-400ml
Foodland Balaklava,2025-05-04 23:59:25,Schwarzkopf Extra Care Ultimate Repair Strengthening Repair & Gloss Treatment,120mL,N/A,$14.70,$12.25 per 100mL,https://foodlandbalaklava.com.au//lines/extra-care-trt-rep-glos-120ml
Foodland Balaklava,2025-05-04 23:59:25,Schwarzkopf Live Colour Brown Hair Dye Chocolate Semi Permanent,75mL,N/A,$14.70,N/A,https://foodlandbalaklava.com.au//lines/live-colour-chocolate-1ea
Foodland Balaklava,2025-05-04 23:59:25,Schwarzkopf Live Colour Permanent 1.​1 Blue Black,N/A,N/A,$15.00,N/A,https://foodlandbalaklava.com.au//lines/livecolor-blue-black-1-1
Foodland Balaklava,2025-05-04 23:59:25,Schwarzkopf Live Colour Permanent 10.​2 Extra Light Pearl Blonde,N/A,N/A,$15.00,N/A,https://foodlandbalaklava.com.au//lines/livecolor-x-lght-prl-blnd-10-2
Foodland Balaklava,2025-05-04 23:59:25,Schwarzkopf Live Colour Permanent Silver Storm,N/A,N/A,$15.00,N/A,https://foodlandbalaklava.com.au//lines/livecolor-silver-storm
Foodland Balaklava,2025-05-04 23:59:25,Schwarzkopf Live Colour Red Hair Dye Red Embers Semi Permanent,75mL,N/A,$14.70,N/A,https://foodlandbalaklava.com.au//lines/live-colour-red-embers-1ea
Foodland Balaklava,2025-05-04 23:59:25,Schwarzkopf Live Colour Silver Hair Dye Silver Toner Semi Permanent,75mL,N/A,$14.70,N/A,https://foodlandbalaklava.com.au//lines/live-colour-silver-toner-1ea
Foodland Balaklava,2025-05-04 23:59:25,Schwarzkopf Napro Palette 1-08 Black Burgundy,N/A,was $10.85,$9.50,N/A,https://foodlandbalaklava.com.au//lines/napro-pal-1-08-blk-burg-115ml
Foodland Balaklava,2025-05-04 23:59:25,Schwarzkopf Nordic Blonde G1 Lightening Spray,N/A,N/A,$15.75,$12.60 per 100mL,https://foodlandbalaklava.com.au//lines/nordic-blonde-lit-spry-g1125ml
Foodland Balaklava,2025-05-04 23:59:25,Schwarzkopf Nordic Blonde L1+​+ Ultimate Lightener,N/A,N/A,$19.60,N/A,https://foodlandbalaklava.com.au//lines/nordic-lghtnr-ultim-l1
Foodland Balaklava,2025-05-04 23:59:25,Schwarzkopf Nordic Blonde L101 Silver Blonde,N/A,N/A,$19.60,N/A,https://foodlandbalaklava.com.au//lines/nordic-blonde-l101-silv-blnd
Foodland Balaklava,2025-05-04 23:59:25,Schwarzkopf Taft Styling Curl Mousse Strong Hold,200g,was $7.10,$6.00,$3.00 per 100g,https://foodlandbalaklava.com.au//lines/taft-styl-mousse-curl-def200gm
Foodland Balaklava,2025-05-04 23:59:25,Schwarzkopf Taft Styling Gel Extra Strong Hold,250g,was $6.55,$6.00,$2.40 per 100g,https://foodlandbalaklava.com.au//lines/taft-styling-gel-max-hold250gm
Foodland Balaklava,2025-05-04 23:59:25,Schwarzkopf Taft Styling Hairspray Strong Hold,200g,was $7.10,$6.00,$3.00 per 100g,https://foodlandbalaklava.com.au//lines/taft-h-spray-strong-hold-200gm
Foodland Balaklava,2025-05-04 23:59:25,Schwarzkopf Taft Styling Lacquer Extra Strong Hold,200g,was $7.10,$6.00,$3.00 per 100g,https://foodlandbalaklava.com.au//lines/taft-hair-lacquer-maxi-200gm
Foodland Balaklava,2025-05-04 23:59:25,Schwarzkopf Taft Styling Mousse Extra Strong Hold,200g,was $7.10,$6.00,$3.00 per 100g,https://foodlandbalaklava.com.au//lines/taft-styl-mousse-max-hld-200gm
Foodland Balaklava,2025-05-04 23:59:25,Schweppes Bitter Lemon,1.1L,was $3.00,$1.80,$1.64 per L,https://foodlandbalaklava.com.au//lines/schw-bitter-lemon-1-1l
Foodland Balaklava,2025-05-04 23:59:25,Schweppes Bitter Lemon Soft Drink Classic Mixers Multipack,4 x 300mL,was $7.90,$5.95,$4.96 per L,https://foodlandbalaklava.com.au//lines/schw-bitter-lemon-4x300ml-1
Foodland Balaklava,2025-05-04 23:59:25,Schweppes Dry Ginger Ale Soft Drink Bottle Mixers Multipack,4 x 300mL,was $7.90,$5.95,$4.96 per L,https://foodlandbalaklava.com.au//lines/schw-dry-ginger-ale-4x300ml
Foodland Balaklava,2025-05-04 23:59:25,Schweppes Dry Ginger Ale Soft Drink Classic Mixers Bottle,1.1L,was $3.00,$1.80,$1.64 per L,https://foodlandbalaklava.com.au//lines/schw-dry-ginger-ale-1-1l
Foodland Balaklava,2025-05-04 23:59:25,Schweppes Ginger Beer,4 x 300mL,was $7.90,$5.95,$4.96 per L,https://foodlandbalaklava.com.au//lines/schw-ginger-beer-4-x-300ml
Foodland Balaklava,2025-05-04 23:59:25,Schweppes Indian Tonic Water Classic Mixers Bottle,1.1L,was $3.00,$1.80,$1.64 per L,https://foodlandbalaklava.com.au//lines/schw-tonic-water-1-1l
Foodland Balaklava,2025-05-04 23:59:25,Schweppes Infused Mineral Water With Blood Orange & Mango Cans Multipack,10 x 375mL,N/A,$19.00,$5.07 per L,https://foodlandbalaklava.com.au//lines/schw-m-wtr-ornge-mngo-10x375ml-1
Foodland Balaklava,2025-05-04 23:59:25,Schweppes Lemon Lime Bitters Soft Drink Classic Mixers Bottle,1.1L,was $3.00,$1.80,$1.64 per L,https://foodlandbalaklava.com.au//lines/schw-lem-lim-bit-1-1l
Foodland Balaklava,2025-05-04 23:59:25,Schweppes Lemon Lime Bitters Soft Drink Mixers Glass Bottle Multipack,4 x 300mL,was $7.90,$5.95,$4.96 per L,https://foodlandbalaklava.com.au//lines/schw-lm-lim-bit-sda-4x300ml
Foodland Balaklava,2025-05-04 23:59:25,Schweppes Lemonade Soft Drink Bottle,600mL,was $4.20,$3.75,$6.25 per L,https://foodlandbalaklava.com.au//lines/schw-lemonade-600ml
Foodland Balaklava,2025-05-04 23:59:25,Schweppes Lemonade Soft Drink Bottle Glass Multipack,4 x 300mL,was $7.90,$5.95,$4.96 per L,https://foodlandbalaklava.com.au//lines/schw-lemonade-4x300ml
Foodland Balaklava,2025-05-04 23:59:25,Schweppes Messina Passionfruit Lemonade,1.1L,was $3.20,$1.80,$1.64 per L,https://foodlandbalaklava.com.au//lines/schw-messina-pass-lmde-trd1-1l
Foodland Balaklava,2025-05-04 23:59:25,Schweppes Natural Mineral Water Bottle Glass Multipack,4 x 300mL,was $7.90,$5.95,$4.96 per L,https://foodlandbalaklava.com.au//lines/schw-m-wtr-natural-4x300ml
Foodland Balaklava,2025-05-04 23:59:25,Schweppes Soda Water,4 x 300mL,was $7.90,$5.95,$4.96 per L,https://foodlandbalaklava.com.au//lines/schw-soda-water-4x300ml-1
Foodland Balaklava,2025-05-04 23:59:26,Schweppes Traditional Raspberry Soft Drink Cans Multipack,10 x 375mL,N/A,$19.00,$5.07 per L,https://foodlandbalaklava.com.au//lines/schw-r-berry-trad-10x375ml
Foodland Balaklava,2025-05-04 23:59:26,Schweppes Zero Sugar Dry Ginger Ale Soft Drink Mixers Multipack,4 x 300mL,was $7.90,$5.95,$4.96 per L,https://foodlandbalaklava.com.au//lines/schw-diet-d-gngr-ale-4x300ml
Foodland Balaklava,2025-05-04 23:59:26,Schweppes Zero Sugar Lemon Lime Bitters Soft Drink Classic Mixers Glass Bottle Multipack,4 x 300mL,was $7.90,$5.95,$4.96 per L,https://foodlandbalaklava.com.au//lines/schw-lem-lim-bit-z-sug-4x300ml
Foodland Balaklava,2025-05-04 23:59:26,Schweppes Zero Sugar Lemonade Soft Drink Bottle,1.1L,was $3.20,$1.80,$1.64 per L,https://foodlandbalaklava.com.au//lines/schw-lemonade-zero-1-1l
Foodland Balaklava,2025-05-04 23:59:26,Schweppes Zero Sugar Mixers Indian Tonic Water Bottles Multipack,4 x 300mL,was $7.90,$5.95,$4.96 per L,https://foodlandbalaklava.com.au//lines/schw-diet-tonic-4x300ml
Foodland Balaklava,2025-05-04 23:59:26,Schweppes Zero Sugar Mixers Lemon Lime & Bitters Soft Drink,1.1L,was $3.00,$1.80,$1.64 per L,https://foodlandbalaklava.com.au//lines/schw-lem-lim-bit-zero-sug-1-1l
Foodland Balaklava,2025-05-04 23:59:26,Schweppes Zero Traditional Sugar Raspberry Soft Drink Bottle,1.1L,was $3.20,$1.80,$1.64 per L,https://foodlandbalaklava.com.au//lines/schw-raspberry-zero-1-1l
Foodland Balaklava,2025-05-04 23:59:26,Scotch Guard Aero,350g,N/A,$13.80,$3.94 per 100g,https://foodlandbalaklava.com.au//lines/scotchgard-fabric-prot-350gm
Foodland Balaklava,2025-05-04 23:59:26,Scotch Tape Blu Paintr 24x55mm,N/A,N/A,$11.35,N/A,https://foodlandbalaklava.com.au//lines/scotch-tape-blu-paintr-24x55mm-1
Foodland Balaklava,2025-05-04 23:59:26,Scotch Tape Gaffa Blk 48mmx15m,N/A,N/A,$7.30,N/A,https://foodlandbalaklava.com.au//lines/scotch-tape-gaffa-blk-48mmx15m
Foodland Balaklava,2025-05-04 23:59:26,Scotch-Brite Handy Sponges,N/A,N/A,$4.50,$1.12 Each,https://foodlandbalaklava.com.au//lines/scotch-brite-handy-sponge-4pk-1
Foodland Balaklava,2025-05-04 23:59:26,Scotch-Brite® Heavy Duty Foam Scourer 3x Longer 2 Pack,N/A,N/A,$3.95,$1.98 Each,https://foodlandbalaklava.com.au//lines/scotchbrite-scourers-spng-twin
Foodland Balaklava,2025-05-04 23:59:26,Scotch-Brite® Heavy Duty Scourer 3x Longer 4 Pack,N/A,N/A,$5.30,$1.32 Each,https://foodlandbalaklava.com.au//lines/scotchbrite-scourers-4pack
Foodland Balaklava,2025-05-04 23:59:26,Scotchbrite Non Scratch Sponge Scrub 3 Pack,N/A,N/A,$5.40,$1.80 Each,https://foodlandbalaklava.com.au//lines/scotchbrite-spng-n-scrtch-3pk-1
Foodland Balaklava,2025-05-04 23:59:26,Scrub Daddy 106 Yellow Lemon Fresh,N/A,N/A,$5.95,N/A,https://foodlandbalaklava.com.au//lines/scrub-daddy-106-yellow-lemon-fresh
Foodland Balaklava,2025-05-04 23:59:26,Scrub Daddy 113 Dog Shape,N/A,N/A,$5.95,N/A,https://foodlandbalaklava.com.au//lines/scrub-daddy-113-dog-shape-1
Foodland Balaklava,2025-05-04 23:59:26,Scrub Daddy Colours Blue,N/A,N/A,$5.95,N/A,https://foodlandbalaklava.com.au//lines/scrub-daddy-100-colour-blue
Foodland Balaklava,2025-05-04 23:59:26,Scrub Daddy Sponge Daddy,N/A,N/A,$5.95,$1.49 Each,https://foodlandbalaklava.com.au//lines/sponge-daddy-300-4pk
Foodland Balaklava,2025-05-04 23:59:26,Scrub Mommy 500 Pink,N/A,N/A,$5.95,N/A,https://foodlandbalaklava.com.au//lines/scrub-mommy-500-pink
Foodland Balaklava,2025-05-04 23:59:26,Scrub Mummy 530 Cat Shape,N/A,N/A,$5.95,N/A,https://foodlandbalaklava.com.au//lines/scrub-mummy-530-cat-shape
Foodland Balaklava,2025-05-04 23:59:26,Seasol Pots & Plants,750mL,N/A,$11.20,$1.49 per 100mL,https://foodlandbalaklava.com.au//lines/seasol-pots-plants-rtu-750ml
Foodland Balaklava,2025-05-04 23:59:26,Seasol Seaweed Concentrate Garden Health Treatment,600mL,N/A,$11.20,$1.87 per 100mL,https://foodlandbalaklava.com.au//lines/seasol-concentrate-600ml
Foodland Balaklava,2025-05-04 23:59:26,Seasol Seaweed Solution Fertiliser,1.2L,N/A,$13.45,N/A,https://foodlandbalaklava.com.au//lines/seasol-fert-hose-on-1-2l
Foodland Balaklava,2025-05-04 23:59:26,Seeds Zucchini Greenskin,N/A,N/A,$3.60,N/A,https://foodlandbalaklava.com.au//lines/packet-seed-zucchini-grn-10-seed
Foodland Balaklava,2025-05-04 23:59:26,Selleys BBQ Clean,400g,N/A,$9.03,$2.26 per 100g,https://foodlandbalaklava.com.au//lines/selleys-bbq-kleen-400gm
Foodland Balaklava,2025-05-04 23:59:26,Selleys BBQ Cleaner Tough Job,500mL,N/A,$9.25,N/A,https://foodlandbalaklava.com.au//lines/selleys-bbq-cln-tough-job500ml
Foodland Balaklava,2025-05-04 23:59:26,Selleys BBQ Tough Wipes 12,N/A,N/A,$6.85,$0.06 Each,https://foodlandbalaklava.com.au//lines/selleys-bbq-wipes-tough-12pk
Foodland Balaklava,2025-05-04 23:59:26,Selleys Kwik Grip,50mL,N/A,$8.40,N/A,https://foodlandbalaklava.com.au//lines/selleys-k-grip-glue-50ml
Foodland Balaklava,2025-05-04 23:59:26,Selleys Liquid Nails,100g,N/A,$10.08,N/A,https://foodlandbalaklava.com.au//lines/selleys-liq-nails-100gm
Foodland Balaklava,2025-05-04 23:59:26,Selleys Original Sugar Soap,750mL,N/A,$5.15,$0.69 per 100mL,https://foodlandbalaklava.com.au//lines/selleys-liquid-sugar-soap750ml
Foodland Balaklava,2025-05-04 23:59:26,Selleys Oven Kleen F/​Act,350g,N/A,$6.50,$1.86 per 100g,https://foodlandbalaklava.com.au//lines/selleys-oven-kleen-f-act-350gm
Foodland Balaklava,2025-05-04 23:59:26,Selleys Rapid Mould Killer,500mL,N/A,$6.75,$1.35 per 100mL,https://foodlandbalaklava.com.au//lines/selleys-rapid-mld-killer-500ml
Foodland Balaklava,2025-05-04 23:59:26,Selleys Rp7 Lubricant,300g,N/A,$8.40,N/A,https://foodlandbalaklava.com.au//lines/selleys-rp7-lubricant-300gm
Foodland Balaklava,2025-05-04 23:59:26,Selleys Spakfilla Rapid,180g,N/A,$14.35,N/A,https://foodlandbalaklava.com.au//lines/selleys-spakfilla-rapid-180gm
Foodland Balaklava,2025-05-04 23:59:26,Selleys Sup Fix N Go 3ml,N/A,N/A,$3.15,N/A,https://foodlandbalaklava.com.au//lines/selleys-sup-fix-n-go-3ml
Foodland Balaklava,2025-05-04 23:59:26,Selleys Tarzans Grip,30mL,N/A,$5.80,N/A,https://foodlandbalaklava.com.au//lines/selleys-tarzans-grip-30ml
Foodland Balaklava,2025-05-04 23:59:26,Selleys Wood Aquadhere,100mL,N/A,$8.40,N/A,https://foodlandbalaklava.com.au//lines/selleys-wood-aquadhere-100ml-1
Foodland Balaklava,2025-05-04 23:59:26,Selley’​S Fix & Go Shoe Repair,N/A,N/A,$7.90,N/A,https://foodlandbalaklava.com.au//lines/selleys-fix-go-shoe-repair
Foodland Balaklava,2025-05-04 23:59:26,Sellotape Crystal Clear Tape 48mm X,20m,N/A,$3.47,N/A,https://foodlandbalaklava.com.au//lines/sellotape-disp-tpe-clr48mmx20m-1
Foodland Balaklava,2025-05-04 23:59:26,Sellotape Dble Sided 12mmx10m,N/A,N/A,$3.57,N/A,https://foodlandbalaklava.com.au//lines/sellotape-dble-sided-12mmx10m
Foodland Balaklava,2025-05-04 23:59:26,Sellotape Elect Tape 19mmx9m,N/A,N/A,$2.20,N/A,https://foodlandbalaklava.com.au//lines/sellotape-elect-tape-19mmx9m
Foodland Balaklava,2025-05-04 23:59:26,Sellotape Invisible Tape 18mm X,25m,N/A,$4.94,N/A,https://foodlandbalaklava.com.au//lines/sellotape-invis-disp-18mmx25m
Foodland Balaklava,2025-05-04 23:59:26,Sellotape Masking Tape,24 x 18m,N/A,$2.94,N/A,https://foodlandbalaklava.com.au//lines/sellotape-masking-tape-24x18m
Foodland Balaklava,2025-05-04 23:59:26,Sellotape Masking Tape,24 x 50m,N/A,$3.36,N/A,https://foodlandbalaklava.com.au//lines/sellotape-masking-tape-24x50m
Foodland Balaklava,2025-05-04 23:59:26,Sellotape Mounting Tape,12 x 2m,N/A,$5.46,N/A,https://foodlandbalaklava.com.au//lines/sellotape-mounting-tape-12x2m
Foodland Balaklava,2025-05-04 23:59:26,Sellotape Pack Tape Clr,24 x 50m,N/A,$2.42,N/A,https://foodlandbalaklava.com.au//lines/sellotape-pack-tape-clr-24x50m
Foodland Balaklava,2025-05-04 23:59:26,Sellotape Sticky Dot Removable,N/A,N/A,$3.47,N/A,https://foodlandbalaklava.com.au//lines/sellotape-sticky-dot-removable
Foodland Balaklava,2025-05-04 23:59:26,Sellotape Sticky Tape 18mmx 25,N/A,N/A,$4.15,N/A,https://foodlandbalaklava.com.au//lines/sellotape-with-dispenser-18x25
Foodland Balaklava,2025-05-04 23:59:27,Selsun Blue Replenishing Anti-Dandruff Shampoo,200mL,N/A,$8.05,$4.02 per 100mL,https://foodlandbalaklava.com.au//lines/selsun-blue-replenishing-200ml-1
Foodland Balaklava,2025-05-04 23:59:27,Selsun Gold,125mL,N/A,$11.35,$9.08 per 100mL,https://foodlandbalaklava.com.au//lines/selsun-dandruff-treatmnt-125ml-1
Foodland Balaklava,2025-05-04 23:59:27,Senokot Tablets Constipation Relief 100 Pack,N/A,was $12.60,$11.00,$0.11 Each,https://foodlandbalaklava.com.au//lines/senokot-tablets-100s
Foodland Balaklava,2025-05-04 23:59:27,Sensodyne Cool Mint Complete Care+ Smart Clean,100g,N/A,$12.90,$12.90 per 100g,https://foodlandbalaklava.com.au//lines/s-sodyne-t-pst-c-c-c-mint100gm
Foodland Balaklava,2025-05-04 23:59:27,Sensodyne Cool Mint Mouthwash,500mL,N/A,$10.40,$2.08 per 100mL,https://foodlandbalaklava.com.au//lines/s-sodyne-m-wash-coolmint-500ml
Foodland Balaklava,2025-05-04 23:59:27,Sensodyne Daily Care Soft Toothbrush 3 Pack 3pk,N/A,N/A,$11.55,$3.85 Each,https://foodlandbalaklava.com.au//lines/s-sodyne-t-brush-d-c-sens-3pk-1
Foodland Balaklava,2025-05-04 23:59:27,Sensodyne Daily Care Toothpaste,100g,N/A,$10.20,$10.20 per 100g,https://foodlandbalaklava.com.au//lines/s-sodyne-t-pst-d-care-100gm
Foodland Balaklava,2025-05-04 23:59:27,Sensodyne Extra Fresh Complete Care+ Smart Clean,100g,N/A,$12.90,$12.90 per 100g,https://foodlandbalaklava.com.au//lines/s-sodyne-t-pst-c-c-xfrsh-100gm
Foodland Balaklava,2025-05-04 23:59:27,Sensodyne Rapid Relief Toothpaste,100g,N/A,$12.90,$12.90 per 100g,https://foodlandbalaklava.com.au//lines/s-sodyne-t-pst-rapid-rlf-100gm
Foodland Balaklava,2025-05-04 23:59:27,Sensodyne Repair & Protect Extra Fresh Toothpaste,100g,N/A,$12.90,$12.90 per 100g,https://foodlandbalaklava.com.au//lines/s-sodyne-t-pst-rep-prot-fr100g
Foodland Balaklava,2025-05-04 23:59:27,Sensodyne Repair & Protect Toothbrush Twin Pack,N/A,was $10.00,$8.65,$4.32 Each,https://foodlandbalaklava.com.au//lines/s-sodyne-t-brsh-rep-prt-sft2pk
Foodland Balaklava,2025-05-04 23:59:27,Sensodyne Repair & Protect Whitening Toothpaste,100g,N/A,$12.90,$12.90 per 100g,https://foodlandbalaklava.com.au//lines/s-sodyne-t-pst-repr-whiten100g
Foodland Balaklava,2025-05-04 23:59:27,Sensodyne Sensitivity & Gum Extra Fresh Toothpaste,100g,N/A,$12.90,$12.90 per 100g,https://foodlandbalaklava.com.au//lines/s-sodyne-t-pst-s-g-x-act-100gm
Foodland Balaklava,2025-05-04 23:59:27,Sensodyne Sensitivity & Gum Whitening Toothpaste,100g,N/A,$12.90,$12.90 per 100g,https://foodlandbalaklava.com.au//lines/s-sodyne-t-pst-s-g-wht-100gm
Foodland Balaklava,2025-05-04 23:59:27,Sensodyne Whitening Sensitivity & Enamel,100g,N/A,$12.90,$12.90 per 100g,https://foodlandbalaklava.com.au//lines/s-sodyne-t-pst-s-e-wht-100g
Foodland Balaklava,2025-05-04 23:59:27,Sensory Gecko,N/A,N/A,$5.95,N/A,https://foodlandbalaklava.com.au//lines/sensory-gecko
Foodland Balaklava,2025-05-04 23:59:27,Sensory Slugs,N/A,N/A,$6.95,N/A,https://foodlandbalaklava.com.au//lines/sensory-slugs
Foodland Balaklava,2025-05-04 23:59:27,Settlers Repellent Candle,110g,N/A,$11.50,$10.45 per 100g,https://foodlandbalaklava.com.au//lines/settlers-repellent-candle-110g
Foodland Balaklava,2025-05-04 23:59:27,"Sharpie Fine Point Permanent Markers, Black, 2 Count",N/A,N/A,$5.88,N/A,https://foodlandbalaklava.com.au//lines/sharpie-marker-fne-tip-blk-2pk-1
Foodland Balaklava,2025-05-04 23:59:27,"Sharpie Metallic Fine Point Permanent Markers, Gold/​Silver - Pack Of 2",N/A,N/A,$6.83,N/A,https://foodlandbalaklava.com.au//lines/sharpie-markers-metallic-2pk
Foodland Balaklava,2025-05-04 23:59:27,"Sharpie S-Gel 0.​7mm Gel Pens Black Ink, 2 Count",N/A,N/A,$8.40,N/A,https://foodlandbalaklava.com.au//lines/sharpie-gel-pen-black-2pk-1
Foodland Balaklava,2025-05-04 23:59:27,"Sharpie S-Gel 0.​7mm Gel Pens Blue Ink, 2 Count",N/A,N/A,$8.40,N/A,https://foodlandbalaklava.com.au//lines/sharpie-gel-pen-blue-2pk-1
Foodland Balaklava,2025-05-04 23:59:27,Sharwood Low Fat Pappadum,94g,N/A,$5.05,$5.37 per 100g,https://foodlandbalaklava.com.au//lines/sharwood-pappadum-l-fat-94gm
Foodland Balaklava,2025-05-04 23:59:27,Sharwoods Chutney Mango,354g,N/A,$8.40,$2.37 per 100g,https://foodlandbalaklava.com.au//lines/sharwood-chutney-gr-label354gm
Foodland Balaklava,2025-05-04 23:59:27,Sharwoods Curry Paste Tandoori,290g,N/A,$6.50,$2.24 per 100g,https://foodlandbalaklava.com.au//lines/sharwood-curry-pst-tand-290gm
Foodland Balaklava,2025-05-04 23:59:27,Sharwoods Extra Creamy Butter Chicken Simmer Sauce,420g,N/A,$5.00,$1.19 per 100g,https://foodlandbalaklava.com.au//lines/sharwood-sm-sc-b-chk-x-c-420gm
Foodland Balaklava,2025-05-04 23:59:27,Sharwoods Simmer Sauce Butter Chicken,420g,N/A,$5.00,$1.19 per 100g,https://foodlandbalaklava.com.au//lines/sharwood-sm-sc-btr-chkn-420gm
Foodland Balaklava,2025-05-04 23:59:27,Sharwoods Simmer Sauce Rogan Josh,420g,N/A,$5.00,$1.19 per 100g,https://foodlandbalaklava.com.au//lines/sharwood-sm-sc-rogan-josh420gm
Foodland Balaklava,2025-05-04 23:59:27,Sharwoods Simmer Sauce Tikka Masala,420g,N/A,$5.00,$1.19 per 100g,https://foodlandbalaklava.com.au//lines/sharwood-sm-sc-tikka-mas-420gm
Foodland Balaklava,2025-05-04 23:59:27,Sharwoods Tikka Curry Paste,275g,N/A,$6.50,$2.36 per 100g,https://foodlandbalaklava.com.au//lines/sharwoods-paste-tikka-275g
Foodland Balaklava,2025-05-04 23:59:27,Sheer Relief Black Kneehi,N/A,was $8.40,$4.00,N/A,https://foodlandbalaklava.com.au//lines/sheer-relief-kneehi-black-1sz-1
Foodland Balaklava,2025-05-04 23:59:27,Side Walk Chalk 10pk,N/A,N/A,$3.36,N/A,https://foodlandbalaklava.com.au//lines/korbond-chalk-sid-wal-10pk-c-s
Foodland Balaklava,2025-05-04 23:59:27,Siena 4 Bean Mix,400g,N/A,$1.50,$0.38 per 100g,https://foodlandbalaklava.com.au//lines/siena-4-bean-mix-400g
Foodland Balaklava,2025-05-04 23:59:27,Siena Red Chickpeas,400g,N/A,$1.50,$0.38 per 100g,https://foodlandbalaklava.com.au//lines/siena-red-chickpeas-400g
Foodland Balaklava,2025-05-04 23:59:27,Siena Red Kidney Beans,400g,N/A,$1.50,$0.38 per 100g,https://foodlandbalaklava.com.au//lines/siena-red-kidney-beans-400g
Foodland Balaklava,2025-05-04 23:59:27,Sienna Ital Diced Tom,400g,was $1.49,$1.35,$0.34 per 100g,https://foodlandbalaklava.com.au//lines/sienna-ital-diced-tom-400gm
Foodland Balaklava,2025-05-04 23:59:27,Signature Desserts Mango Cheesecake,100g,N/A,$3.95,$3.95 per 100g,https://foodlandbalaklava.com.au//lines/signature-chsecake-mango-100gm
Foodland Balaklava,2025-05-04 23:59:27,Signature Lemon Cheesecake,100g,N/A,$3.95,$3.95 per 100g,https://foodlandbalaklava.com.au//lines/signature-chsecake-lemon-100gm
Foodland Balaklava,2025-05-04 23:59:27,Signature Vanilla Cheesecake,100g,N/A,$3.95,$3.95 per 100g,https://foodlandbalaklava.com.au//lines/signature-chsecake-van-100gm
Foodland Balaklava,2025-05-04 23:59:27,Silverbeet Per Bunch,N/A,was $4.80,$3.90,N/A,https://foodlandbalaklava.com.au//lines/silverbeet-per-bunch
Foodland Balaklava,2025-05-04 23:59:27,Silvo Metalware Polish Cleaner,250mL,N/A,$14.50,$5.80 per 100mL,https://foodlandbalaklava.com.au//lines/silvo-metal-polish-250ml
Foodland Balaklava,2025-05-04 23:59:27,Sim/​P Naan Min Garl&​Hrb,225g,N/A,$4.20,$1.87 per 100g,https://foodlandbalaklava.com.au//lines/sim-p-naan-min-garl-hrb-225gm
Foodland Balaklava,2025-05-04 23:59:27,Sim/​P Pizza Mini Pln 6pk,240g,N/A,$4.75,$1.98 per 100g,https://foodlandbalaklava.com.au//lines/sim-p-pizza-mini-pln-6pk-240gm
Foodland Balaklava,2025-05-04 23:59:27,Sim/​P Wrap Mini Wht 12pk,336g,N/A,$5.25,$1.56 per 100g,https://foodlandbalaklava.com.au//lines/sim-p-wrap-mini-wht-12pk-336g
Foodland Balaklava,2025-05-04 23:59:27,"Simple Kind To Skin Biodegradable Cleansing Wipes With Vitamin B5, Vitamin E And Pro Amino Acids 50 Pc",N/A,was $14.70,$7.00,$0.14 Each,https://foodlandbalaklava.com.au//lines/simple-face-wipe-biod-clns-50s
Foodland Balaklava,2025-05-04 23:59:27,Simple Kind To Skin Moisturing Facial Wash For Healthy-Looking Skin,150mL,was $12.10,$5.75,$3.83 per 100mL,https://foodlandbalaklava.com.au//lines/simple-k-skn-f-wsh-foam-150ml
Foodland Balaklava,2025-05-04 23:59:27,Simple Kind To Skin Replenishing Rich Moisturiser For Nourished And Smooth Skin,125mL,was $12.10,$5.75,$4.60 per 100mL,https://foodlandbalaklava.com.au//lines/simple-k-skn-moist-r-rch-125ml
Foodland Balaklava,2025-05-04 23:59:27,Simply Delish Strawberry Jel Dessert,20g,N/A,$4.50,$4.50 per 100g,https://foodlandbalaklava.com.au//lines/simply-del-s-berry-dessert-20g
Foodland Balaklava,2025-05-04 23:59:28,Simply Knitting,N/A,N/A,$19.99,N/A,https://foodlandbalaklava.com.au//lines/simply-knitting-8
Foodland Balaklava,2025-05-04 23:59:28,Simply Sea Salt & Cracked Pepper Chips,120g,was $5.05,$3.60,$3.00 per 100g,https://foodlandbalaklava.com.au//lines/simply-chip-slt-pepper-120gm
Foodland Balaklava,2025-05-04 23:59:28,Simply Tasty Beef & Vegie Hot Pot With Mash,400g,N/A,$9.40,$2.35 per 100g,https://foodlandbalaklava.com.au//lines/s-tasty-bf-veg-htpot-mash400gm
Foodland Balaklava,2025-05-04 23:59:28,Simply Tasty Classic Pasta Salad,800g,N/A,$9.00,$11.25 per kg,https://foodlandbalaklava.com.au//lines/s-tasty-sld-classic-psta-800g
Foodland Balaklava,2025-05-04 23:59:28,Simply Tasty Creamy Coleslaw,300g,N/A,$4.80,$16.00 per kg,https://foodlandbalaklava.com.au//lines/s-tasty-coleslaw-creamy-300g
Foodland Balaklava,2025-05-04 23:59:28,Simply Tasty Creamy Coleslaw,800g,N/A,$9.00,$11.25 per kg,https://foodlandbalaklava.com.au//lines/s-tasty-coleslaw-creamy-800g
Foodland Balaklava,2025-05-04 23:59:28,Simply Tasty Egg Salad,250g,was $8.00,$7.00,$2.80 per 100g,https://foodlandbalaklava.com.au//lines/s-tasty-egg-salad-250gm
Foodland Balaklava,2025-05-04 23:59:28,Simply Tasty Garlic Noodle Salad,400g,N/A,$7.00,$23.33 per kg,https://foodlandbalaklava.com.au//lines/s-tasty-noodle-garlic-400gm
Foodland Balaklava,2025-05-04 23:59:28,Simply Tasty Gourmet Potato Salad,300g,N/A,$4.80,$16.00 per kg,https://foodlandbalaklava.com.au//lines/s-tasty-sld-gmet-potato-300g
Foodland Balaklava,2025-05-04 23:59:28,Simply Tasty Gourmet Potato Salad,800g,N/A,$9.00,$11.25 per kg,https://foodlandbalaklava.com.au//lines/s-tasty-sld-gmet-potato-800g
Foodland Balaklava,2025-05-04 23:59:28,Simply Tasty Pasta Salad,300g,N/A,$7.00,$2.33 per 100g,https://foodlandbalaklava.com.au//lines/s-tasty-sld-pesto-pasta-300g
Foodland Balaklava,2025-05-04 23:59:28,Simply Tasty Pasta Salad,300g,N/A,$6.75,$22.50 per kg,https://foodlandbalaklava.com.au//lines/s-tasty-sld-curried-psta-300gm
Foodland Balaklava,2025-05-04 23:59:28,Simply Wise G/​F Puff Pastry,540g,N/A,$13.00,$2.41 per 100g,https://foodlandbalaklava.com.au//lines/simply-wise-g-f-puff-pastry-540g
Foodland Balaklava,2025-05-04 23:59:28,Simply Wize Gluten Free Pizza Scrolls,500g,N/A,$13.00,$2.60 per 100g,https://foodlandbalaklava.com.au//lines/simply-wize-gf-pizza-scrolls-500g
Foodland Balaklava,2025-05-04 23:59:28,Simpson’​S Pantry Garlic & Herb Mini Pizza Base,N/A,N/A,$4.75,$1.98 per 100g,https://foodlandbalaklava.com.au//lines/sim-p-pizza-mini-grlc-6pk240gm
Foodland Balaklava,2025-05-04 23:59:28,Simson's Pantry Low Carb High Protein Wholemeal Wraps,2100g,N/A,$5.80,$2.76 per 100g,https://foodlandbalaklava.com.au//lines/sim-p-wrap-l-crb-hp-whl-210g
Foodland Balaklava,2025-05-04 23:59:28,Simsons Pantry Wrap Mini Low Carb,N/A,N/A,$5.80,$2.58 per 100g,https://foodlandbalaklava.com.au//lines/sim-p-wrap-l-crb-hig-pro-225gm
Foodland Balaklava,2025-05-04 23:59:28,Simsons Pantry Wrap White,N/A,N/A,$5.25,$0.99 per 100g,https://foodlandbalaklava.com.au//lines/sim-p-wrap-s-red-wht-8pk-528gm
Foodland Balaklava,2025-05-04 23:59:28,Simsons Pantry Wrap Wholegrain 8pk,N/A,N/A,$5.25,$0.99 per 100g,https://foodlandbalaklava.com.au//lines/sim-p-wrap-whlgrn-mxd-8p-528gm
Foodland Balaklava,2025-05-04 23:59:28,Singer Machine Oil,100mL,N/A,$6.10,N/A,https://foodlandbalaklava.com.au//lines/singer-machine-oil-100ml
Foodland Balaklava,2025-05-04 23:59:28,Single Red Rose,N/A,N/A,$10.00,N/A,https://foodlandbalaklava.com.au//lines/single-stem-rose
Foodland Balaklava,2025-05-04 23:59:28,Sirena A/​Biata Tuna Chili,185g,N/A,$4.95,$26.76 per kg,https://foodlandbalaklava.com.au//lines/sirena-a-biata-tuna-chili-185g-1
Foodland Balaklava,2025-05-04 23:59:28,Sirena Brown Rice & Quinoa,190g,N/A,$4.50,$23.68 per kg,https://foodlandbalaklava.com.au//lines/sirena-brn-rice-quinoa-190gm
Foodland Balaklava,2025-05-04 23:59:28,Sirena Brown Rice And Quinoa With Tuna,170g,N/A,$4.50,$26.47 per kg,https://foodlandbalaklava.com.au//lines/sirena-tuna-brn-rice-quin-170g
Foodland Balaklava,2025-05-04 23:59:28,Sirena Caramelised Onion,95g,was $3.10,$2.05,$21.58 per kg,https://foodlandbalaklava.com.au//lines/sirena-tuna-crml-onion-95gm
Foodland Balaklava,2025-05-04 23:59:28,Sirena Chicken Pesto Pasta,190g,N/A,$4.50,$23.68 per kg,https://foodlandbalaklava.com.au//lines/sirena-rte-chic-psta-psto190gm
Foodland Balaklava,2025-05-04 23:59:28,Sirena Classico Tuna Oil,95g,was $3.10,$2.05,$21.58 per kg,https://foodlandbalaklava.com.au//lines/sirena-classico-tuna-oil-95gm-1
Foodland Balaklava,2025-05-04 23:59:28,Sirena Garlic & Chilli Tuna,95g,was $3.10,$2.05,$21.58 per kg,https://foodlandbalaklava.com.au//lines/sirena-tuna-garl-chilli-95gm
Foodland Balaklava,2025-05-04 23:59:28,Sirena Korean Style Chicken Rice,190g,N/A,$4.50,$23.68 per kg,https://foodlandbalaklava.com.au//lines/sirena-rte-chic-krn-rce-190g
Foodland Balaklava,2025-05-04 23:59:28,Sirena La Vita Lite Tuna In Oil,185g,N/A,$4.95,$26.76 per kg,https://foodlandbalaklava.com.au//lines/sirena-tuna-in-oil-lite-185gm
Foodland Balaklava,2025-05-04 23:59:28,Sirena Lemon Dill Mayo Tuna,75g,N/A,$3.35,$44.67 per kg,https://foodlandbalaklava.com.au//lines/sirena-tuna-lmn-dill-mayo-75g
Foodland Balaklava,2025-05-04 23:59:28,Sirena Mexican Rice With Chicken,190g,N/A,$4.50,$23.68 per kg,https://foodlandbalaklava.com.au//lines/sirena-rte-chic-mex-rice-190gm
Foodland Balaklava,2025-05-04 23:59:28,Sirena Napoli Style Pasta With Tuna,170g,N/A,$4.50,$26.47 per kg,https://foodlandbalaklava.com.au//lines/sirena-tuna-napoli-pasta-170gm
Foodland Balaklava,2025-05-04 23:59:28,Sirena Pad Thai Chicken Noodles,190g,N/A,$4.50,$23.68 per kg,https://foodlandbalaklava.com.au//lines/sirena-rte-chic-pad-thai-190g
Foodland Balaklava,2025-05-04 23:59:28,Sirena Rte Chic Psta Bol,190g,N/A,$4.50,$23.68 per kg,https://foodlandbalaklava.com.au//lines/sirena-rte-chic-psta-bol-190gm
Foodland Balaklava,2025-05-04 23:59:28,Sirena Sicilan Pasta With Tuna,170g,N/A,$4.50,$26.47 per kg,https://foodlandbalaklava.com.au//lines/sirena-tuna-sicl-stl-pst-170gm
Foodland Balaklava,2025-05-04 23:59:28,Sirena Tomato & Onion Tuna,95g,was $3.10,$2.05,$21.58 per kg,https://foodlandbalaklava.com.au//lines/sirena-tuna-tom-onion-95gm
Foodland Balaklava,2025-05-04 23:59:28,Sirena Tuna & Beans Original,185g,N/A,$4.95,$26.76 per kg,https://foodlandbalaklava.com.au//lines/sirena-tuna-w-beans-185gm
Foodland Balaklava,2025-05-04 23:59:28,Sirena Tuna & Chilli Mayonnaise,75g,N/A,$3.35,$44.67 per kg,https://foodlandbalaklava.com.au//lines/sirena-tuna-chilli-mayo-75gm
Foodland Balaklava,2025-05-04 23:59:28,Sirena Tuna Chilli,95g,was $3.10,$2.05,$21.58 per kg,https://foodlandbalaklava.com.au//lines/sirena-tuna-chilli-95gm-1
Foodland Balaklava,2025-05-04 23:59:28,Sirena Tuna Chilli Lite,95g,was $3.10,$2.05,$21.58 per kg,https://foodlandbalaklava.com.au//lines/sirena-tuna-chilli-lite-95gm
Foodland Balaklava,2025-05-04 23:59:28,Sirena Tuna Garlic Inf Oil,95g,was $3.10,$2.05,$21.58 per kg,https://foodlandbalaklava.com.au//lines/sirena-tuna-infu-oil-garl-95gm
Foodland Balaklava,2025-05-04 23:59:28,Sirena Tuna In Oil Lite,95g,was $3.10,$2.05,$21.58 per kg,https://foodlandbalaklava.com.au//lines/sirena-tuna-in-oil-lite-95gm-1
Foodland Balaklava,2025-05-04 23:59:28,Sirena Tuna Infu Oil Basil95gm,N/A,was $3.10,$2.05,$21.58 per kg,https://foodlandbalaklava.com.au//lines/sirena-tuna-infu-oil-basil95gm
Foodland Balaklava,2025-05-04 23:59:28,Sirena Tuna Italian Style,185g,N/A,$4.95,$26.76 per kg,https://foodlandbalaklava.com.au//lines/sirena-classico-tuna-oil-185gm-1
Foodland Balaklava,2025-05-04 23:59:28,Sirena Tuna Lem Pepper,95g,was $3.10,$2.05,$21.58 per kg,https://foodlandbalaklava.com.au//lines/sirena-tuna-lem-pepper-95gm
Foodland Balaklava,2025-05-04 23:59:28,Sirena Tuna Mayo & Sweetcorn,75g,N/A,$3.35,$44.67 per kg,https://foodlandbalaklava.com.au//lines/sirena-tuna-mayo-swtcrn-75gm
Foodland Balaklava,2025-05-04 23:59:28,Sirena Tuna Mex Rice,170g,N/A,$4.50,$26.47 per kg,https://foodlandbalaklava.com.au//lines/sirena-tuna-mex-rice-170gm
Foodland Balaklava,2025-05-04 23:59:29,Sirena Tuna Paella,170g,N/A,$4.50,$26.47 per kg,https://foodlandbalaklava.com.au//lines/sirena-rte-tuna-paella-170g
Foodland Balaklava,2025-05-04 23:59:29,Sirena Tuna Pesto,95g,was $3.10,$2.05,$21.58 per kg,https://foodlandbalaklava.com.au//lines/sirena-tuna-pesto-95g
Foodland Balaklava,2025-05-04 23:59:29,Sirena Tuna Pesto Pasta,170g,N/A,$4.50,$26.47 per kg,https://foodlandbalaklava.com.au//lines/sirena-tuna-pesto-pasta-170gm
Foodland Balaklava,2025-05-04 23:59:29,Sirena Tuna Smokey Chilli,95g,was $3.10,$2.05,$21.58 per kg,https://foodlandbalaklava.com.au//lines/sirena-tuna-smky-chilli-95gm
Foodland Balaklava,2025-05-04 23:59:29,Sirena Tuna Springwater,185g,N/A,$4.95,$26.76 per kg,https://foodlandbalaklava.com.au//lines/sirena-tuna-springwater-185gm-1
Foodland Balaklava,2025-05-04 23:59:29,Sirena Tuna Springwater,425g,N/A,$7.90,$18.59 per kg,https://foodlandbalaklava.com.au//lines/sirena-tuna-springwater-425gm-1
Foodland Balaklava,2025-05-04 23:59:29,Sirena Tuna Springwater,95g,was $3.10,$2.05,$21.58 per kg,https://foodlandbalaklava.com.au//lines/sirena-tuna-springwater-95gm-1
Foodland Balaklava,2025-05-04 23:59:29,Sirena Tuna Spwtr Lemon,95g,was $3.10,$2.05,$21.58 per kg,https://foodlandbalaklava.com.au//lines/sirena-tuna-spwtr-lemon-95gm
Foodland Balaklava,2025-05-04 23:59:29,Sirena Tuna Sweet Chilli Rice,170g,N/A,$4.50,$26.47 per kg,https://foodlandbalaklava.com.au//lines/sirena-rte-tuna-sw-chl-rc170gm
Foodland Balaklava,2025-05-04 23:59:29,Sirena Tuna Swt Chilli,95g,was $3.10,$2.05,$21.58 per kg,https://foodlandbalaklava.com.au//lines/sirena-tuna-swt-chilli-95gm
Foodland Balaklava,2025-05-04 23:59:29,Sirena Tuna Thai Curry Noodles,170g,N/A,$4.50,$26.47 per kg,https://foodlandbalaklava.com.au//lines/sirena-rte-tuna-cury-ndl-170g
Foodland Balaklava,2025-05-04 23:59:29,Sirena Tuna Triple Chilli,95g,was $3.10,$2.05,$21.58 per kg,https://foodlandbalaklava.com.au//lines/sirena-tuna-trpl-chilli-95gm
Foodland Balaklava,2025-05-04 23:59:29,Sirena Tuna With Sweet Chili,85g,N/A,$3.35,$39.41 per kg,https://foodlandbalaklava.com.au//lines/sirena-tuna-swt-chilli-85g
Foodland Balaklava,2025-05-04 23:59:29,Sirena Tuna With Tomato & Onion,85g,N/A,$3.35,$39.41 per kg,https://foodlandbalaklava.com.au//lines/sirena-tuna-tom-onion-85g
Foodland Balaklava,2025-05-04 23:59:29,Sistema Active Shaker Bottle,750mL,N/A,$14.20,N/A,https://foodlandbalaklava.com.au//lines/sistema-bottle-act-shkr-750ml
Foodland Balaklava,2025-05-04 23:59:29,Sistema Bottle Quick Flip,800m,N/A,$13.90,N/A,https://foodlandbalaklava.com.au//lines/sistema-bottle-quick-flip-800m
Foodland Balaklava,2025-05-04 23:59:29,Sistema Cutlery To Go,N/A,N/A,$8.80,N/A,https://foodlandbalaklava.com.au//lines/sistema-to-go-cutlery-set-1pk
Foodland Balaklava,2025-05-04 23:59:29,Sistema Hydrate Chic Stainless Steel Water Bottle Assorted Colours,600mL,N/A,$26.00,N/A,https://foodlandbalaklava.com.au//lines/sistema-bottle-s-s-chic-600ml
Foodland Balaklava,2025-05-04 23:59:29,Sistema Klip It + Rectngl,7.5L,N/A,$15.00,N/A,https://foodlandbalaklava.com.au//lines/sistema-klip-it-rectngl-7-5l
Foodland Balaklava,2025-05-04 23:59:29,Sistema Klip It Plus Cracker Food Storage Container,900mL,N/A,$7.55,N/A,https://foodlandbalaklava.com.au//lines/sistema-klip-it-craker-900ml
Foodland Balaklava,2025-05-04 23:59:29,Sistema Klip It Plus Food Storage Container,400mL,N/A,$3.90,N/A,https://foodlandbalaklava.com.au//lines/sistema-klip-it-rectngl400ml
Foodland Balaklava,2025-05-04 23:59:29,Sistema Klip It Plus Food Storage Containers,3 x 180mL,N/A,$7.70,N/A,https://foodlandbalaklava.com.au//lines/sistema-klip-it-180ml-3pk
Foodland Balaklava,2025-05-04 23:59:29,Sistema Klip It Plus Food Storage Containers,3 x 900mL,N/A,$15.00,N/A,https://foodlandbalaklava.com.au//lines/sistema-klip-it-rect-1l-3pk
Foodland Balaklava,2025-05-04 23:59:29,Sistema Klip It Plus Juice Jug Liquid Container,2L,N/A,$13.02,N/A,https://foodlandbalaklava.com.au//lines/sistema-klip-it-juice-jug-2l
Foodland Balaklava,2025-05-04 23:59:29,Sistema Klip It Plus Rectangular Food Storage Container,2.2L,N/A,$8.80,N/A,https://foodlandbalaklava.com.au//lines/sistema-klip-it-rectngl-2-2l
Foodland Balaklava,2025-05-04 23:59:29,Sistema Klip It Plus Rectangular Food Storage Container,3.35L,N/A,$10.50,N/A,https://foodlandbalaklava.com.au//lines/sistema-klip-it-rect-3-35l
Foodland Balaklava,2025-05-04 23:59:29,Sistema Klip It Plus Square Cookie Tub Food Storage Container,2.2L,N/A,$10.50,N/A,https://foodlandbalaklava.com.au//lines/sistema-klip-it-square-2-2l
Foodland Balaklava,2025-05-04 23:59:29,Sistema Klip It Plus Square Lunch Box Food Storage Container,1.15L,N/A,$6.60,N/A,https://foodlandbalaklava.com.au//lines/sistema-klip-it-square-1-15l
Foodland Balaklava,2025-05-04 23:59:29,Sistema Klip It Plus Square Lunch Box Food Storage Container,2 x 1.15L,N/A,$11.05,N/A,https://foodlandbalaklava.com.au//lines/sistema-klip-it-rec-1-15l2pk
Foodland Balaklava,2025-05-04 23:59:29,Sistema Klip It Square,3.5L,N/A,$14.60,N/A,https://foodlandbalaklava.com.au//lines/sistema-klip-it-square-3-35l
Foodland Balaklava,2025-05-04 23:59:29,Sistema Lunch Slimline Quaddie,1.5L,N/A,$11.05,N/A,https://foodlandbalaklava.com.au//lines/sistema-quaddie-lunchbox-1-5l-1
Foodland Balaklava,2025-05-04 23:59:29,Sistema Stax To Go Rectangle Food Container 1 Pack Colour Not Selectable,1L,N/A,$8.95,N/A,https://foodlandbalaklava.com.au//lines/sistema-stax-to-go-rect-1l
Foodland Balaklava,2025-05-04 23:59:29,Sistema Stax To Go Square Food Container 1 Pack Colour Not Selectable,1.15L,N/A,$9.45,N/A,https://foodlandbalaklava.com.au//lines/sistema-stax-to-go-squar-1-15l
Foodland Balaklava,2025-05-04 23:59:29,Sistema To Go Bento Box,1.25mL,N/A,$14.05,N/A,https://foodlandbalaklava.com.au//lines/sistema-to-go-bento-box-1-25l
Foodland Balaklava,2025-05-04 23:59:29,Sistema To Go Breakfast Food Container,530mL,N/A,$6.60,N/A,https://foodlandbalaklava.com.au//lines/sistema-breakfast-to-go
Foodland Balaklava,2025-05-04 23:59:29,Sistema To Go Lunch Box,1.1L,N/A,$11.55,N/A,https://foodlandbalaklava.com.au//lines/sistema-to-go-lunch-box-1-1l
Foodland Balaklava,2025-05-04 23:59:29,Sistema To Go Mini Bites Food Container,3 x 130mL,N/A,$7.70,N/A,https://foodlandbalaklava.com.au//lines/sistema-to-go-m-bites-130ml3pk
Foodland Balaklava,2025-05-04 23:59:29,Sistema To Go Portion Pod 2pk,N/A,N/A,$8.80,N/A,https://foodlandbalaklava.com.au//lines/sistema-to-go-portion-pod-2pk
Foodland Balaklava,2025-05-04 23:59:29,Sistema To Go Sandwich Box Food Container,450mL,N/A,$6.60,N/A,https://foodlandbalaklava.com.au//lines/sistema-s-wich-box-to-go-450ml
Foodland Balaklava,2025-05-04 23:59:29,Sistema To Go Snk Attack,410mL,N/A,$5.78,N/A,https://foodlandbalaklava.com.au//lines/sistema-to-go-snk-attack-410ml
Foodland Balaklava,2025-05-04 23:59:29,Sistema To Go Yoghurt Pot 2pk,N/A,N/A,$7.70,N/A,https://foodlandbalaklava.com.au//lines/sistema-to-go-yoghurt-pot-2pk
Foodland Balaklava,2025-05-04 23:59:29,Sistema Ultra Square Food Container,1.3L,N/A,$15.15,N/A,https://foodlandbalaklava.com.au//lines/sistema-klip-it-u-squre-1-3l
Foodland Balaklava,2025-05-04 23:59:29,Skin Control Pimple Patch - Pm 24 Pack,N/A,N/A,$7.35,$0.31 Each,https://foodlandbalaklava.com.au//lines/skin-control-pmpl-pch-pm-24pk
Foodland Balaklava,2025-05-04 23:59:29,Skinny Cow Vanilla Caramel & Double Chocolate Ice Cream Sundaes 4pk,N/A,N/A,$7.00,$1.09 per 100mL,https://foodlandbalaklava.com.au//lines/s-cow-m-p-van-crml-dbl-chc-4s
Foodland Balaklava,2025-05-04 23:59:29,Skinny Cow Vanilla Choc Cie Cream Sundae With Peanuts,N/A,N/A,$7.00,$1.09 per 100mL,https://foodlandbalaklava.com.au//lines/s-cow-m-p-van-choc-pnut-4s
Foodland Balaklava,2025-05-04 23:59:29,Skippy Creamy Peanut Butter,462g,N/A,$4.75,$1.03 per 100g,https://foodlandbalaklava.com.au//lines/skippy-pnut-btr-crmy-462g
Foodland Balaklava,2025-05-04 23:59:29,Skippy Superchunk Peanut Butter,462g,N/A,$4.75,$1.03 per 100g,https://foodlandbalaklava.com.au//lines/skippy-pnut-btr-sup-chnk-462g
Foodland Balaklava,2025-05-04 23:59:29,Skittles Fruits Chewy Lollies Snack & Share Bag,380g,N/A,$7.00,$1.84 per 100g,https://foodlandbalaklava.com.au//lines/skittles-fruit-shre-bag-380gm
Foodland Balaklava,2025-05-04 23:59:31,Skittles Giants Fruits Chewy Lollies Snack & Share Bag,132g,N/A,$6.30,$4.77 per 100g,https://foodlandbalaklava.com.au//lines/skittles-giants-fruit-132g
Foodland Balaklava,2025-05-04 23:59:31,Skoodle,N/A,N/A,$14.99,N/A,https://foodlandbalaklava.com.au//lines/skoodle-2
Foodland Balaklava,2025-05-04 23:59:31,Skyn® Elite Condoms 10 Pack,N/A,N/A,$12.60,$1.26 Each,https://foodlandbalaklava.com.au//lines/skyn-condoms-elite-10s
Foodland Balaklava,2025-05-04 23:59:31,Skyn® Intense Feel 10 Pack Condoms,N/A,N/A,$12.60,$1.26 Each,https://foodlandbalaklava.com.au//lines/skyn-condoms-intense-feel-10pk
Foodland Balaklava,2025-05-04 23:59:31,Skyn® Maximum Performance Lubricant,80mL,N/A,$11.55,$14.44 per 100mL,https://foodlandbalaklava.com.au//lines/skyn-lube-max-perform-80ml
Foodland Balaklava,2025-05-04 23:59:31,Slape & Sons Greek Rosemary & Garlic Sausages,480g,N/A,$8.25,$17.19 per kg,https://foodlandbalaklava.com.au//lines/slapes-grk-rosemary-garlic-480g
Foodland Balaklava,2025-05-04 23:59:31,Slape & Sons H/​Styl Beef Ragu,480g,N/A,$8.75,$18.23 per kg,https://foodlandbalaklava.com.au//lines/slape-sons-h-styl-beef-ragu-480g
Foodland Balaklava,2025-05-04 23:59:31,Slape & Sons Lamb Kofta,480g,N/A,$8.75,$18.23 per kg,https://foodlandbalaklava.com.au//lines/slapes-lamb-kofta-480g
Foodland Balaklava,2025-05-04 23:59:31,Slape & Sons Ranchero Beef Thin Sausages,480g,N/A,$6.75,$14.06 per kg,https://foodlandbalaklava.com.au//lines/slapes-ranchero-beef-sausages
Foodland Balaklava,2025-05-04 23:59:31,Slapes Chicken Spin/​Feta,480g,N/A,$8.75,$18.23 per kg,https://foodlandbalaklava.com.au//lines/slapes-chicken-spin-feta-480g
Foodland Balaklava,2025-05-04 23:59:31,Slippers Mens F/​Back,N/A,N/A,$13.00,N/A,https://foodlandbalaklava.com.au//lines/slippers-mens-f-back
Foodland Balaklava,2025-05-04 23:59:31,Slippers Women Ind Nonslip 1pk,N/A,N/A,$7.00,N/A,https://foodlandbalaklava.com.au//lines/slippers-women-ind-nonslip-1pk
Foodland Balaklava,2025-05-04 23:59:31,Smart 100% Horsehair Shoe Cleaning Brush,N/A,N/A,$10.00,N/A,https://foodlandbalaklava.com.au//lines/smart-100-horsehair-shoe-cleaning-brush-1
Foodland Balaklava,2025-05-04 23:59:31,Smart Shoe Whitener/​Renovator,75mL,N/A,$6.00,$8.00 per 100mL,https://foodlandbalaklava.com.au//lines/smart-diamond-liquid-shoe-sport-whitener
Foodland Balaklava,2025-05-04 23:59:31,Smartie Ch/​Chip Cookie Each,74g,N/A,$4.00,$5.41 per 100g,https://foodlandbalaklava.com.au//lines/smartie-ch-chip-cookie-each-74g
Foodland Balaklava,2025-05-04 23:59:31,Smith's Baked Potato Chips Share Pack Fusions Margherita,130g,was $4.20,$3.00,$2.31 per 100g,https://foodlandbalaklava.com.au//lines/smiths-baked-margherita-130g
Foodland Balaklava,2025-05-04 23:59:31,Smith's Crinkle Cut Chips Share Pack Tomato Sauce,150g,was $5.25,$4.50,$3.00 per 100g,https://foodlandbalaklava.com.au//lines/smiths-crinkl-tom-sce-150g
Foodland Balaklava,2025-05-04 23:59:31,Smith's Crinkle Cut Potato Chips Chilli,170g,was $5.25,$4.50,$2.65 per 100g,https://foodlandbalaklava.com.au//lines/smiths-crinkl-chilli-170gm
Foodland Balaklava,2025-05-04 23:59:31,Smith's Crinkle Cut Potato Chips Share Pack Cheese,150g,was $5.25,$4.50,$3.00 per 100g,https://foodlandbalaklava.com.au//lines/smiths-crinkl-tasty-cheese150g
Foodland Balaklava,2025-05-04 23:59:31,Smith's Crinkle Cut Potato Chips Tomato Sauce,45g,was $2.00,$1.40,$3.11 per 100g,https://foodlandbalaklava.com.au//lines/smiths-crinkl-cut-tom-sce-45g
Foodland Balaklava,2025-05-04 23:59:31,Smith's Double Crunch Potato Chips Share Pack BBQ Ribs,150g,was $5.25,$4.55,$3.03 per 100g,https://foodlandbalaklava.com.au//lines/smiths-dble-crnch-bbq-rib150gm
Foodland Balaklava,2025-05-04 23:59:31,Smith's Double Crunch Potato Chips Share Pack Original,150g,was $5.25,$4.55,$3.03 per 100g,https://foodlandbalaklava.com.au//lines/smiths-dble-crnch-slt-org150gm
Foodland Balaklava,2025-05-04 23:59:31,Smith's Potato Chips Share Pack Flamin' Hot Spicy Cheese,150g,was $5.25,$4.55,$3.03 per 100g,https://foodlandbalaklava.com.au//lines/smiths-dble-crnch-spc-chs150gm
Foodland Balaklava,2025-05-04 23:59:31,Smith's Thinly Cut Potato Chips Light Tangy,175g,was $5.25,$4.45,$2.54 per 100g,https://foodlandbalaklava.com.au//lines/smiths-thinly-lt-tangy-175gm
Foodland Balaklava,2025-05-04 23:59:31,Smiths Crinkl Chs/​On 8pk,152g,was $6.30,$3.00,$1.97 per 100g,https://foodlandbalaklava.com.au//lines/smiths-crinkl-chs-on-8pk-152g
Foodland Balaklava,2025-05-04 23:59:31,Smiths Original Crinkle Chips,8 x 19g,was $6.30,$3.00,$1.97 per 100g,https://foodlandbalaklava.com.au//lines/smiths-crinkl-orig-8pk-152g
Foodland Balaklava,2025-05-04 23:59:31,Smokey Pastures 'Game On',220g,N/A,$14.99,N/A,https://foodlandbalaklava.com.au//lines/smokey-pastures-game-on-220g
Foodland Balaklava,2025-05-04 23:59:31,Smokey Pastures 'Risk It',220g,N/A,$14.99,N/A,https://foodlandbalaklava.com.au//lines/smokey-pastures-risk-it-220g
Foodland Balaklava,2025-05-04 23:59:31,Smokey Pastures 'Sweet Dreams',220g,N/A,$14.99,N/A,https://foodlandbalaklava.com.au//lines/smokey-pastures-sweet-dreams-220g
Foodland Balaklava,2025-05-04 23:59:31,Snackinos Diced Peaches,120g,was $4.00,$3.30,$1.20 per 100g,https://foodlandbalaklava.com.au//lines/sna-pch-in-pch-jelly-4x120g
Foodland Balaklava,2025-05-04 23:59:31,Snackinos Fruit Salad,4 x 125g,was $4.00,$3.30,$1.20 per 100g,https://foodlandbalaklava.com.au//lines/sna-fruit-salad-in-jce-4x125g
Foodland Balaklava,2025-05-04 23:59:31,Snackinos Peach In Strawberry Jelly,120g,was $4.00,$3.30,$1.20 per 100g,https://foodlandbalaklava.com.au//lines/sna-pch-in-sbery-jelly-4x120g
Foodland Balaklava,2025-05-04 23:59:31,Snacknacular Apple Raspberry Blueberry Puree,5 x 450g,N/A,$6.00,$1.33 per 100g,https://foodlandbalaklava.com.au//lines/s-tacular-app-rasp-bbry-pch-5-x-90g
Foodland Balaklava,2025-05-04 23:59:31,Snacktacular Apple & Raspberry Puree,N/A,N/A,$6.00,$1.33 per 100g,https://foodlandbalaklava.com.au//lines/s-tacular-app-rasp-pouch-5-x-90g
Foodland Balaklava,2025-05-04 23:59:31,Snakata Cheese & Caramelised Onion Multi Grain Rice Snacks,100g,N/A,$3.15,$3.15 per 100g,https://foodlandbalaklava.com.au//lines/snakata-m-grain-chse-on-100g
Foodland Balaklava,2025-05-04 23:59:31,Snappy Tom Seafood Platter,400g,was $2.10,$1.80,$0.45 per 100g,https://foodlandbalaklava.com.au//lines/s-tom-seafd-platr-prwnjel400gm
Foodland Balaklava,2025-05-04 23:59:31,Sneaker People Deod,64g,N/A,$9.40,$14.69 per 100g,https://foodlandbalaklava.com.au//lines/sneaker-people-deod-64g
Foodland Balaklava,2025-05-04 23:59:31,Snickers Ice Confection Frozen Dessert Bar Carton,250mL,was $10.00,$7.75,$3.10 per 100mL,https://foodlandbalaklava.com.au//lines/snickers-i-crm-bar-5s
Foodland Balaklava,2025-05-04 23:59:31,Snickers Milk Chocolate Bar Peanuts Caramel 2 Pieces,64g,was $3.15,$2.20,$3.44 per 100g,https://foodlandbalaklava.com.au//lines/snickers-2-pack-64gm
Foodland Balaklava,2025-05-04 23:59:31,Snowdonia Black Bomber,150g,N/A,$18.00,$12.00 per 100g,https://foodlandbalaklava.com.au//lines/snowdonia-black-bomber-150g
Foodland Balaklava,2025-05-04 23:59:31,Snowdonia Rock Star,150g,N/A,$18.00,$12.00 per 100g,https://foodlandbalaklava.com.au//lines/snowdonia-rock-star-150g
Foodland Balaklava,2025-05-04 23:59:31,Snowy Dishcloth Bleached # 1pk,N/A,N/A,$1.05,N/A,https://foodlandbalaklava.com.au//lines/snowy-dishcloth-bleached-1pk
Foodland Balaklava,2025-05-04 23:59:31,So Good Dairy-Free Frozen Dessert Chocolate Bliss,1L,was $10.00,$8.90,$0.89 per 100mL,https://foodlandbalaklava.com.au//lines/so-good-i-crm-bliss-choc-1l
Foodland Balaklava,2025-05-04 23:59:31,So Good Dairy-Free Frozen Dessert Vanilla Bliss,1L,was $10.00,$8.90,$0.89 per 100mL,https://foodlandbalaklava.com.au//lines/so-good-i-crm-bliss-vanilla-1l
Foodland Balaklava,2025-05-04 23:59:31,So Good High Protein Almond Milk,1L,N/A,$3.55,$3.55 per L,https://foodlandbalaklava.com.au//lines/sanit-so-good-almd-high-pro-1l
Foodland Balaklava,2025-05-04 23:59:31,So Good Original Almond Milk,1L,N/A,$2.90,$2.90 per L,https://foodlandbalaklava.com.au//lines/sanit-so-good-almnd-mlk-uht1l
Foodland Balaklava,2025-05-04 23:59:31,Soap Holder Travel,N/A,N/A,$2.63,N/A,https://foodlandbalaklava.com.au//lines/soap-holder-travel
Foodland Balaklava,2025-05-04 23:59:31,Soccer Ball Size 5,N/A,N/A,$22.00,N/A,https://foodlandbalaklava.com.au//lines/soccer-ball-size-5
Foodland Balaklava,2025-05-04 23:59:32,Socks Infants,N/A,was $4.00,$3.00,N/A,https://foodlandbalaklava.com.au//lines/socks-infants
Foodland Balaklava,2025-05-04 23:59:32,Socks Popcorn Cosy Touch 2pk,N/A,N/A,$6.00,N/A,https://foodlandbalaklava.com.au//lines/socks-popcorn-cosy-touch-2pk
Foodland Balaklava,2025-05-04 23:59:32,Soda King Cola Flavour,250mL,N/A,$4.20,$16.80 per L,https://foodlandbalaklava.com.au//lines/s-king-cola-flavour-250ml
Foodland Balaklava,2025-05-04 23:59:32,Soda King Soda Gas,60L,N/A,$36.75,N/A,https://foodlandbalaklava.com.au//lines/sodaking-cyln-user-licence-60l
Foodland Balaklava,2025-05-04 23:59:32,Soda Stream Mountain Dew,440mL,N/A,$7.00,$1.59 per 100mL,https://foodlandbalaklava.com.au//lines/sodastream-syrup-mt-dew-440ml
Foodland Balaklava,2025-05-04 23:59:32,Soda Stream Syrup Zero,440mL,N/A,$7.00,$1.59 per 100mL,https://foodlandbalaklava.com.au//lines/sodastream-syrup-zero-cran-rasp-440ml
Foodland Balaklava,2025-05-04 23:59:32,Soda Stream Syrup Zero Lemonade,440mL,N/A,$7.00,$1.59 per 100mL,https://foodlandbalaklava.com.au//lines/sodastream-syrup-zero-lemonade-440ml
Foodland Balaklava,2025-05-04 23:59:32,Sodaking Cyln Gas Ref Exch,60L,N/A,$19.00,N/A,https://foodlandbalaklava.com.au//lines/s-king-60lt-gas-refill-bottle
Foodland Balaklava,2025-05-04 23:59:32,"Sodaking Lemon, Lime & Bitters Syrup",250mL,N/A,$4.20,$16.80 per L,https://foodlandbalaklava.com.au//lines/s-king-lem-lime-bitt-flavr-250ml
Foodland Balaklava,2025-05-04 23:59:32,Sodaking Syrup Raspberry,250mL,N/A,$4.20,$16.80 per L,https://foodlandbalaklava.com.au//lines/s-king-raspberry-flavour-250ml
Foodland Balaklava,2025-05-04 23:59:32,Sodastream 7up Soda Mix,440mL,N/A,$7.00,$1.59 per 100mL,https://foodlandbalaklava.com.au//lines/sodastream-syrup-7-up-440ml
Foodland Balaklava,2025-05-04 23:59:32,Sodastream Bottles 2x.​5lt,N/A,N/A,$21.00,N/A,https://foodlandbalaklava.com.au//lines/sodastream-bottles-2x-5lt-1
Foodland Balaklava,2025-05-04 23:59:32,Sodastream Bottles,2 x 1L,N/A,$25.00,N/A,https://foodlandbalaklava.com.au//lines/sodastream-bottles-2x1lt-2
Foodland Balaklava,2025-05-04 23:59:32,Sodastream Classics Flavour Syrup Cream Soda,440mL,N/A,$6.00,$1.36 per 100mL,https://foodlandbalaklava.com.au//lines/sodastream-syrup-classics-crm-soda-440ml
Foodland Balaklava,2025-05-04 23:59:32,Sodastream Classics Flavour Syrup Ginger Ale,440mL,N/A,$6.00,N/A,https://foodlandbalaklava.com.au//lines/sodastream-syrp-clsc-fs-ginger-ale-440ml
Foodland Balaklava,2025-05-04 23:59:32,Sodastream Crafted Flavour Syrup Ginger Beer,440mL,N/A,$6.00,$1.36 per 100mL,https://foodlandbalaklava.com.au//lines/sodastream-syr-classc-fs-g-beer-st-440ml
Foodland Balaklava,2025-05-04 23:59:32,Sodastream Gas Cylinder,60L,N/A,$35.95,N/A,https://foodlandbalaklava.com.au//lines/sodastream-pink-gas-cylinder
Foodland Balaklava,2025-05-04 23:59:32,Sodastream Gas Exchange,60L,N/A,$19.95,N/A,https://foodlandbalaklava.com.au//lines/sodastream-gas-exchange-60l
Foodland Balaklava,2025-05-04 23:59:32,Sodastream Lipton Tea Peach,440mL,N/A,$7.00,$1.59 per 100mL,https://foodlandbalaklava.com.au//lines/sodastream-lipton-tea-peach-440ml
Foodland Balaklava,2025-05-04 23:59:32,Sodastream Pepsi Syrup,440mL,N/A,$7.00,$1.59 per 100mL,https://foodlandbalaklava.com.au//lines/sodastream-syrup-pepsi-440ml
Foodland Balaklava,2025-05-04 23:59:32,Sodastream Spare Cylinder,60L,N/A,$35.95,N/A,https://foodlandbalaklava.com.au//lines/sodastream-cylinder-exchange-60lt
Foodland Balaklava,2025-05-04 23:59:32,Sodastream Syrup Clsc Lem/​Lm/​Bitt,440mL,N/A,$6.00,$1.36 per 100mL,https://foodlandbalaklava.com.au//lines/sodastream-syrup-clsc-lem-lm-bitt-440ml
Foodland Balaklava,2025-05-04 23:59:32,Sodastream Syrup Pepsi Max,440mL,N/A,$7.00,$1.59 per 100mL,https://foodlandbalaklava.com.au//lines/sodastream-syrup-pepsi-max-440ml
Foodland Balaklava,2025-05-04 23:59:32,Sodastream Syrup Zero Org/​Mango,440mL,N/A,$7.00,$1.59 per 100mL,https://foodlandbalaklava.com.au//lines/sodastream-syrup-zero-org-mango-440ml
Foodland Balaklava,2025-05-04 23:59:32,Sodastream Syrup Zero Pch Tea,440mL,N/A,$7.00,$1.59 per 100mL,https://foodlandbalaklava.com.au//lines/sodastream-syrup-zero-pch-tea-440ml
Foodland Balaklava,2025-05-04 23:59:32,Sodastream Terra Black,60L,N/A,$120.00,N/A,https://foodlandbalaklava.com.au//lines/sodastream-terra-black-60l
Foodland Balaklava,2025-05-04 23:59:32,Sodastream Van Pepsi Max,440mL,N/A,$7.00,$1.59 per 100mL,https://foodlandbalaklava.com.au//lines/sodastream-van-pepsi-max-440ml
Foodland Balaklava,2025-05-04 23:59:32,Softly Delicates Fabric Solution Gently Fragrant,1.25L,N/A,$9.45,$7.56 per L,https://foodlandbalaklava.com.au//lines/softly-liq-woolwsh-reg-1-25l
Foodland Balaklava,2025-05-04 23:59:32,Softly Wool Wash Fabric Solution Eucalyptus,1.25L,N/A,$9.45,$7.56 per L,https://foodlandbalaklava.com.au//lines/softly-liq-woolwsh-euc-1-25l
Foodland Balaklava,2025-05-04 23:59:32,Sol Brd Org Pane Di Sol,720g,N/A,$10.45,$1.45 per 100g,https://foodlandbalaklava.com.au//lines/sol-brd-org-pane-di-sol-720g
Foodland Balaklava,2025-05-04 23:59:32,Sol Org Light Rye Vienna,720g,N/A,$10.45,$1.45 per 100g,https://foodlandbalaklava.com.au//lines/sol-org-light-rye-vienna-720g
Foodland Balaklava,2025-05-04 23:59:32,Solo Thirst Crusher Original Lemon Soft Drink Bottle,2L,N/A,$3.80,$1.90 per L,https://foodlandbalaklava.com.au//lines/solo-2l
Foodland Balaklava,2025-05-04 23:59:32,Solo Thirst Crusher Original Lemon Soft Drink Bottle,600mL,was $4.20,$3.75,$6.25 per L,https://foodlandbalaklava.com.au//lines/solo-600ml
Foodland Balaklava,2025-05-04 23:59:32,Solo Zero Sugar Original Lemon Soft Drink,1.25L,was $3.70,$3.20,$2.56 per L,https://foodlandbalaklava.com.au//lines/solo-zero-sug-1-25l
Foodland Balaklava,2025-05-04 23:59:32,Solo Zero Sugar Original Lemon Soft Drink Cans Multipack,24 x 375mL,was $39.40,$22.50,$2.50 per L,https://foodlandbalaklava.com.au//lines/solo-zero-sug-cube-24x375ml-1
Foodland Balaklava,2025-05-04 23:59:32,Soo Sock 1pr Qld,N/A,was $10.00,$9.50,N/A,https://foodlandbalaklava.com.au//lines/soo-sock-1pr-qld
Foodland Balaklava,2025-05-04 23:59:32,Soo Sock 1pr Qld Solid,N/A,was $10.00,$9.50,N/A,https://foodlandbalaklava.com.au//lines/soo-sock-1pr-qld-solid
Foodland Balaklava,2025-05-04 23:59:32,Soothers Eucalyptus & Menthol Sore Throat Lozenges + Vitamin C 10 Pack,N/A,was $2.90,$2.60,$0.26 Each,https://foodlandbalaklava.com.au//lines/soothers-euco-menthol-10loz
Foodland Balaklava,2025-05-04 23:59:32,Soothers Eucalyptus & Menthol Sore Throat Lozenges + Vitamin C 3x10 Pack,120g,was $6.85,$6.20,$4.81 per 100g,https://foodlandbalaklava.com.au//lines/soothers-euc-menthol-m-p3x43gm
Foodland Balaklava,2025-05-04 23:59:32,Soothers Honey & Lemon Sore Throat Lozenges + Vitamin C 10 Pack 10pk,N/A,was $2.90,$2.60,$0.26 Each,https://foodlandbalaklava.com.au//lines/soothers-honey-lemon-10tab
Foodland Balaklava,2025-05-04 23:59:32,Soothers Lemon & Lime Liquid Centre Sore Throat Lozenges + Vitamin C 10 Pack 10pk,N/A,was $2.90,$2.60,$0.26 Each,https://foodlandbalaklava.com.au//lines/soothers-lem-lime-lq-cen-10loz
Foodland Balaklava,2025-05-04 23:59:32,Sorbent 4ply Thick & Soft Toilet Paper - 12pk,N/A,N/A,$10.40,$0.62 per 100 Sheets,https://foodlandbalaklava.com.au//lines/sorbent-t-roll-thick-4ply-12pk
Foodland Balaklava,2025-05-04 23:59:32,Sorbent Everyday Facial Tissue - 150 Sheets,N/A,was $2.10,$1.90,$1.27 Units100,https://foodlandbalaklava.com.au//lines/sorbent-tiss-e-day-wht-150s
Foodland Balaklava,2025-05-04 23:59:32,Sorbent Facial Tissue Silky White - 50 Pack,N/A,was $1.75,$1.20,$2.40 Units100,https://foodlandbalaklava.com.au//lines/sorbent-tiss-travel-white-50s
Foodland Balaklava,2025-05-04 23:59:32,Sorbent Hypo-Allergenic Facial Tissue Thick & Large - 95 Pack,N/A,was $2.40,$1.75,$1.84 Units100,https://foodlandbalaklava.com.au//lines/sorbent-tiss-thick-lrge-hyp95s
Foodland Balaklava,2025-05-04 23:59:32,Sorbent Hypo-Allergenic Flushable Wipes 40 Pack,N/A,was $4.00,$3.80,$0.10 Each,https://foodlandbalaklava.com.au//lines/sorbent-wipes-cln-frsh-hypo40s
Foodland Balaklava,2025-05-04 23:59:32,Sorbent Hypo-Allergenic Toilet Roll,N/A,was $11.35,$9.80,$0.30 per 100 Sheets,https://foodlandbalaklava.com.au//lines/sorbent-t-roll-hypo-alerg-18pk
Foodland Balaklava,2025-05-04 23:59:32,Sorbent Lotion Facial Tissue - 70 Sheets,N/A,was $2.65,$2.00,$2.86 Units100,https://foodlandbalaklava.com.au//lines/sorbent-tiss-lotionised-70s
Foodland Balaklava,2025-05-04 23:59:33,Sorbent Silky White Facial Tissue - 170 Pack,N/A,was $2.50,$2.00,$1.18 Units100,https://foodlandbalaklava.com.au//lines/sorbent-tiss-vogue-wht-170s
Foodland Balaklava,2025-05-04 23:59:33,Sorbent Silky White Facial Tissues 6 X 10 Pack,N/A,was $2.50,$2.20,$3.67 Units100,https://foodlandbalaklava.com.au//lines/sorbent-tissues-pkt-pk-4pl6x10
Foodland Balaklava,2025-05-04 23:59:33,Sorbent T/​Roll Sngle Wrap 18pk,N/A,was $12.60,$10.30,$0.32 per 100 Sheets,https://foodlandbalaklava.com.au//lines/sorbent-t-roll-sngle-wrap-18pk
Foodland Balaklava,2025-05-04 23:59:33,Sorbent T/​Roll U/​Air Wht 6pk,N/A,was $6.10,$5.00,$0.60 per 100 Sheets,https://foodlandbalaklava.com.au//lines/sorbent-t-roll-u-air-wht-6pk
Foodland Balaklava,2025-05-04 23:59:33,Sorbent Tiss E/​Day Multi 5x70s,N/A,was $7.35,$7.00,$2.00 Units100,https://foodlandbalaklava.com.au//lines/sorbent-tiss-e-day-multi-5x70s
Foodland Balaklava,2025-05-04 23:59:33,Sorbent Wipes Intimate 40s,N/A,was $4.00,$3.80,$9.50 per 100 Sheets,https://foodlandbalaklava.com.au//lines/sorbent-wipes-intimate-40s
Foodland Balaklava,2025-05-04 23:59:33,Sour Patch Kids,190g,was $5.25,$4.65,$2.45 per 100g,https://foodlandbalaklava.com.au//lines/sour-patch-kids-190gm
Foodland Balaklava,2025-05-04 23:59:33,Sour Patch Kids Berry,190g,was $5.25,$4.65,$2.45 per 100g,https://foodlandbalaklava.com.au//lines/sour-patch-kids-berry-190gm
Foodland Balaklava,2025-05-04 23:59:33,Sour Patch Kids Gamerz Lollies,190g,was $5.25,$4.65,$2.45 per 100g,https://foodlandbalaklava.com.au//lines/sour-patch-kids-gamerz-190gm
Foodland Balaklava,2025-05-04 23:59:33,Sour Patch Kids Value Pack,430g,N/A,$5.50,$1.28 per 100g,https://foodlandbalaklava.com.au//lines/sour-patch-kids-430gm
Foodland Balaklava,2025-05-04 23:59:33,Sour Patch Kids Watermelon,190g,was $5.25,$4.65,$2.45 per 100g,https://foodlandbalaklava.com.au//lines/sour-patch-kids-wtrmln-190gm
Foodland Balaklava,2025-05-04 23:59:33,South Australia Gourmet Food Company Beef & Vegetable Soup,430g,N/A,$3.00,$0.70 per 100g,https://foodlandbalaklava.com.au//lines/sagfc-soup-beef-veg-430gm
Foodland Balaklava,2025-05-04 23:59:33,South Australian Crayfish/​Lobster,N/A,N/A,$99.00,N/A,https://foodlandbalaklava.com.au//lines/south-australian-crayfish-lobster
Foodland Balaklava,2025-05-04 23:59:33,South Australian Gourmet Food Co Classic Italian Minestrone Soup,430g,N/A,$3.00,$0.70 per 100g,https://foodlandbalaklava.com.au//lines/sagfc-soup-minestrone-430gm
Foodland Balaklava,2025-05-04 23:59:33,South Australian Gourmet Food Company Chunky Chicken & Vegetable Soup,430g,N/A,$3.00,$0.70 per 100g,https://foodlandbalaklava.com.au//lines/sagfc-soup-chnky-chk-veg-430g
Foodland Balaklava,2025-05-04 23:59:33,South Australian Gourmet Food Company Creamy Chicken & Vegetable Soup,430g,N/A,$3.00,$0.70 per 100g,https://foodlandbalaklava.com.au//lines/sagfc-soup-crmy-chk-veg-430g
Foodland Balaklava,2025-05-04 23:59:33,South Cape Apricot & Almond Cream Cheese,200g,N/A,$6.85,$34.25 per kg,https://foodlandbalaklava.com.au//lines/s-cape-chse-crm-ap-alm-200gm
Foodland Balaklava,2025-05-04 23:59:33,South Cape Cracked Pepper Cream Cheese,200g,N/A,$6.85,$34.25 per kg,https://foodlandbalaklava.com.au//lines/s-cape-chse-crm-cr-pep-200gm
Foodland Balaklava,2025-05-04 23:59:33,South Cape Cream Cheese Sweet Chilli,200g,N/A,$6.85,$34.25 per kg,https://foodlandbalaklava.com.au//lines/s-cape-chse-crm-swt-chil-200gm
Foodland Balaklava,2025-05-04 23:59:33,South Cape Spring Onion & Chive Cream Cheese,200g,N/A,$6.85,$34.25 per kg,https://foodlandbalaklava.com.au//lines/s-cape-chse-crm-on-chv-200gm
Foodland Balaklava,2025-05-04 23:59:33,Spam Oven Roasted Turkey,340g,was $7.15,$5.95,$17.50 per kg,https://foodlandbalaklava.com.au//lines/spam-turkey-oven-roasted-340gm-1
Foodland Balaklava,2025-05-04 23:59:33,Sparkle World,N/A,N/A,$12.99,N/A,https://foodlandbalaklava.com.au//lines/barbie-1
Foodland Balaklava,2025-05-04 23:59:33,Spc 25% Less Sugar Diced Apricots In Juice Fruit Cups,4 x 120g,N/A,$4.95,$10.31 per kg,https://foodlandbalaklava.com.au//lines/spc-apricot-snk-l-sug-4x120gm
Foodland Balaklava,2025-05-04 23:59:33,Spc 25% Less Sugar Diced Peaches Fruit Cups,4 x 120g,N/A,$4.95,$10.31 per kg,https://foodlandbalaklava.com.au//lines/spc-peach-snk-l-sug-4x120gm
Foodland Balaklava,2025-05-04 23:59:33,Spc Baked Beans BBQ Flavour,425g,N/A,$2.65,$0.62 per 100g,https://foodlandbalaklava.com.au//lines/spc-baked-beans-bbq-425gm
Foodland Balaklava,2025-05-04 23:59:33,Spc Baked Beans BBQ Multipack,4 x 220g,N/A,$6.50,$0.74 per 100g,https://foodlandbalaklava.com.au//lines/spc-baked-beans-bbq-4x220gm
Foodland Balaklava,2025-05-04 23:59:33,Spc Baked Beans Ham Flavour,425g,N/A,$2.65,$0.62 per 100g,https://foodlandbalaklava.com.au//lines/spc-baked-beans-ham-425gm
Foodland Balaklava,2025-05-04 23:59:33,Spc Baked Beans Ham Multipack,4 x 220g,N/A,$6.50,$0.74 per 100g,https://foodlandbalaklava.com.au//lines/spc-baked-beans-ham-4x220gm
Foodland Balaklava,2025-05-04 23:59:33,Spc Baked Beans Pots Rich Tomato,180g,N/A,$2.60,$1.44 per 100g,https://foodlandbalaklava.com.au//lines/spc-baked-bean-snk-pots-180g
Foodland Balaklava,2025-05-04 23:59:33,Spc Baked Beans Rich Tomato,220g,N/A,$1.70,$0.77 per 100g,https://foodlandbalaklava.com.au//lines/spc-baked-beans-220gm
Foodland Balaklava,2025-05-04 23:59:33,Spc Baked Beans Rich Tomato,425g,N/A,$2.65,$0.62 per 100g,https://foodlandbalaklava.com.au//lines/spc-baked-beans-425gm
Foodland Balaklava,2025-05-04 23:59:33,Spc Baked Beans Rich Tomato Salt Reduced Multipack,4 x 220g,N/A,$6.50,$0.74 per 100g,https://foodlandbalaklava.com.au//lines/spc-baked-beans-s-r-4x220gm
Foodland Balaklava,2025-05-04 23:59:33,Spc Diced Apricots In Juice Fruit Cups,4 x 120g,N/A,$4.95,$10.31 per kg,https://foodlandbalaklava.com.au//lines/spc-apricot-dcd-in-jce-4x120gm
Foodland Balaklava,2025-05-04 23:59:33,Spc Diced Peaches In Mango Jelly Fruit Cups,4 x 120g,N/A,$4.95,$10.31 per kg,https://foodlandbalaklava.com.au//lines/spc-peach-dcd-mng-jly4x120gm
Foodland Balaklava,2025-05-04 23:59:33,Spc Diced Peaches In Orange Jelly Fruit Cups,4 x 120g,N/A,$4.95,$10.31 per kg,https://foodlandbalaklava.com.au//lines/spc-orn-jelly-peach-dcd4x120g
Foodland Balaklava,2025-05-04 23:59:33,Spc Lime Flavoured Jelly With Diced Pears,4 x 120g,N/A,$4.95,$1.03 per 100g,https://foodlandbalaklava.com.au//lines/spc-pear-dcd-in-lme-jly4x120gm
Foodland Balaklava,2025-05-04 23:59:33,Spc Minecraft Baked Beans Rich Tomato Multipack,4 x 220g,N/A,$6.50,$0.74 per 100g,https://foodlandbalaklava.com.au//lines/spc-baked-beans-4x220gm
Foodland Balaklava,2025-05-04 23:59:33,Spc Minecraft Diced Fruit Salad In Juice Fruit Cups,4 x 120g,N/A,$4.95,$10.31 per kg,https://foodlandbalaklava.com.au//lines/spc-fruit-salad-in-jce-4x120gm
Foodland Balaklava,2025-05-04 23:59:33,Spc Minecraft Diced Peaches In Golden Apple Flavoured Juice,4 x 120g,N/A,$4.95,$1.03 per 100g,https://foodlandbalaklava.com.au//lines/spc-pch-dce-in-apl-jce-4-x-120g
Foodland Balaklava,2025-05-04 23:59:33,Spc Minecraft Diced Peaches In Juice Fruit Cups,4 x 120g,N/A,$4.95,$10.31 per kg,https://foodlandbalaklava.com.au//lines/spc-peaches-dcd-in-jce-4x120gm
Foodland Balaklava,2025-05-04 23:59:33,Spc Peaches Halved In Juice,825g,N/A,$5.30,$6.42 per kg,https://foodlandbalaklava.com.au//lines/spc-peaches-halves-juice-825gm
Foodland Balaklava,2025-05-04 23:59:33,Spc Peaches Sliced In Mango Nectar,825g,N/A,$5.30,$6.42 per kg,https://foodlandbalaklava.com.au//lines/spc-peaches-slcd-mang-nec825gm
Foodland Balaklava,2025-05-04 23:59:33,Spc Spag-A-Saurus Tomato & Cheese,175g,N/A,$2.60,$1.49 per 100g,https://foodlandbalaklava.com.au//lines/spc-spagasaurus-snk-pot-175g
Foodland Balaklava,2025-05-04 23:59:33,Spc Spag-A-Saurus Tomato & Cheese,420g,N/A,$2.65,$0.63 per 100g,https://foodlandbalaklava.com.au//lines/spc-spagasaurus-420gm
Foodland Balaklava,2025-05-04 23:59:33,Spc Spaghetti Tomato & Cheese Multipack,4 x 220g,N/A,$6.50,$0.74 per 100g,https://foodlandbalaklava.com.au//lines/spc-spaghetti-4x220gm
Foodland Balaklava,2025-05-04 23:59:33,Spc Spaghetti Tomato & Cheese Salt Reduced,420g,N/A,$2.65,$0.63 per 100g,https://foodlandbalaklava.com.au//lines/spc-spaghetti-slt-red-420gm
Foodland Balaklava,2025-05-04 23:59:33,Spc Tropics Fruit Salad In Juice,4 x 113g,N/A,$4.95,$10.95 per kg,https://foodlandbalaklava.com.au//lines/spc-fruit-salad-in-jce-4x113gm
Foodland Balaklava,2025-05-04 23:59:33,Spc Tropics Mangoes In Juice Fruit Cups,4 x 120g,N/A,$4.95,$10.31 per kg,https://foodlandbalaklava.com.au//lines/spc-mango-in-juice-4x120gm
Foodland Balaklava,2025-05-04 23:59:34,Spc Two Fruits Diced In Juice,410g,N/A,$3.35,$8.17 per kg,https://foodlandbalaklava.com.au//lines/spc-two-fruits-in-juice-410gm
Foodland Balaklava,2025-05-04 23:59:34,Spc Two Fruits Diced In Juice,825g,N/A,$5.30,$6.42 per kg,https://foodlandbalaklava.com.au//lines/spc-two-fruits-in-juice-825gm
Foodland Balaklava,2025-05-04 23:59:34,Spc Whole Plums & Juice,825g,N/A,$5.30,$6.42 per kg,https://foodlandbalaklava.com.au//lines/spc-plums-whole-in-juice-825g
Foodland Balaklava,2025-05-04 23:59:34,Spc Whole Prunes In Juice,425g,N/A,$3.70,$8.71 per kg,https://foodlandbalaklava.com.au//lines/spc-prunes-in-juice-425gm
Foodland Balaklava,2025-05-04 23:59:34,Spencers Pappadams Plain,113g,N/A,$2.29,$2.03 per 100g,https://foodlandbalaklava.com.au//lines/spencers-pappadums-plain-113g
Foodland Balaklava,2025-05-04 23:59:34,Spencers Pappadums Chilli,113g,N/A,$2.29,$20.27 per 100g,https://foodlandbalaklava.com.au//lines/spencers-pappadums-chilli-113g
Foodland Balaklava,2025-05-04 23:59:34,Sphagnum Moss,150g,N/A,$15.99,N/A,https://foodlandbalaklava.com.au//lines/sphagnum-moss-150gm
Foodland Balaklava,2025-05-04 23:59:34,Spiral Org Coconut Oil Virgin,300g,N/A,$7.99,$2.66 per 100g,https://foodlandbalaklava.com.au//lines/org-coconut-oil-300gm
Foodland Balaklava,2025-05-04 23:59:34,Spirax 120 Page A4 Pastel Note Book,N/A,N/A,$6.00,N/A,https://foodlandbalaklava.com.au//lines/spirax-n-bk-pastel-a4-120pg-1
Foodland Balaklava,2025-05-04 23:59:34,Spirax 64pg Exercise Book,N/A,N/A,$2.50,N/A,https://foodlandbalaklava.com.au//lines/spirax-exercise-bk-a4-64pg
Foodland Balaklava,2025-05-04 23:59:34,Spirax 96 Page A4 Exercise Book,N/A,N/A,$3.15,N/A,https://foodlandbalaklava.com.au//lines/spirax-exercise-bk-a4-96pg
Foodland Balaklava,2025-05-04 23:59:34,Spirax 96 Page Exercise Book,N/A,N/A,$4.30,N/A,https://foodlandbalaklava.com.au//lines/spirax-exercise-book-p108-96pg
Foodland Balaklava,2025-05-04 23:59:34,Spirax A4 128p Age Exercise Book,N/A,N/A,$5.95,N/A,https://foodlandbalaklava.com.au//lines/spirax-exercise-book-a4-128pg
Foodland Balaklava,2025-05-04 23:59:34,Spirax No. P191 64 Page Exercise Book,N/A,N/A,$2.45,N/A,https://foodlandbalaklava.com.au//lines/spirax-exercise-book-p191-64pg
Foodland Balaklava,2025-05-04 23:59:34,Spiro Note Book 96 Pages,N/A,N/A,$2.20,N/A,https://foodlandbalaklava.com.au//lines/spiro-note-book-96pg
Foodland Balaklava,2025-05-04 23:59:34,Splice Streets Ice Cream Pine Lime Mp8,544mL,N/A,$7.00,$1.29 per 100mL,https://foodlandbalaklava.com.au//lines/str-m-p-splice-pne-lme-544ml8s
Foodland Balaklava,2025-05-04 23:59:34,Spring Gully Gluten Free Sweet Mustard Pickles,400g,N/A,$4.20,$1.05 per 100g,https://foodlandbalaklava.com.au//lines/s-gully-pickle-swt-must-400gm
Foodland Balaklava,2025-05-04 23:59:34,Spring Gully Gluten Free Worcestershire Sauce,250mL,N/A,$3.70,$1.48 per 100mL,https://foodlandbalaklava.com.au//lines/s-gully-sce-gf-worcester-250ml
Foodland Balaklava,2025-05-04 23:59:34,Spring Gully Green Tomato Pickles,415g,N/A,$4.20,$1.01 per 100g,https://foodlandbalaklava.com.au//lines/s-gully-pickles-grn-tom-415gm
Foodland Balaklava,2025-05-04 23:59:34,Spring Gully Onion White Cocktail,150g,N/A,$2.90,$19.33 per kg,https://foodlandbalaklava.com.au//lines/s-gully-onion-wht-c-tail-150gm
Foodland Balaklava,2025-05-04 23:59:34,Sprite Lemonade Soft Drink,2L,was $5.45,$3.60,$1.80 per L,https://foodlandbalaklava.com.au//lines/sprite-2l
Foodland Balaklava,2025-05-04 23:59:34,Sprite Lemonade Soft Drink Bottle,600mL,N/A,$4.45,$7.42 per L,https://foodlandbalaklava.com.au//lines/sprite-lemonade-600ml
Foodland Balaklava,2025-05-04 23:59:34,Sprite Lemonade Soft Drink Mini Can,250mL,N/A,$2.80,$11.20 per L,https://foodlandbalaklava.com.au//lines/sprite-can-250ml
Foodland Balaklava,2025-05-04 23:59:34,Sprite Lemonade Soft Drink Multipack Bottles,12 x 300mL,was $21.00,$17.90,$4.97 per L,https://foodlandbalaklava.com.au//lines/sprite-lemonade-12x300ml
Foodland Balaklava,2025-05-04 23:59:34,Sprite Lemonade Soft Drink Multipack Mini Cans,6 x 250mL,was $10.50,$6.70,$4.47 per L,https://foodlandbalaklava.com.au//lines/sprite-can-6x250ml
Foodland Balaklava,2025-05-04 23:59:34,Sprite Zero/​Diet/​Light Sprite Zero Sugar Lemonade Soft Drink,1.25L,was $4.00,$2.40,$1.92 per L,https://foodlandbalaklava.com.au//lines/sprite-n-sug-1-25l
Foodland Balaklava,2025-05-04 23:59:34,Squeaky Gate The Unsung Hero Extra Virgin Olive Oil,750mL,was $23.00,$20.10,$2.68 per 100mL,https://foodlandbalaklava.com.au//lines/squeaky-gate-mild-olive-oil-750ml
Foodland Balaklava,2025-05-04 23:59:34,Squid Rings Crumbed,500g,N/A,$15.00,$3.00 per 100g,https://foodlandbalaklava.com.au//lines/squid-rings-crumbed-500g
Foodland Balaklava,2025-05-04 23:59:34,Squid Sce Fish #​300ml,N/A,N/A,$3.00,$1.00 per 100mL,https://foodlandbalaklava.com.au//lines/squid-sce-fish-300ml
Foodland Balaklava,2025-05-04 23:59:34,Squid Tubes,N/A,N/A,$19.99,N/A,https://foodlandbalaklava.com.au//lines/squid-tubes-1
Foodland Balaklava,2025-05-04 23:59:34,Squishy Bracelet Pom Pon,N/A,N/A,$2.95,N/A,https://foodlandbalaklava.com.au//lines/squishy-bracelet-pom-pon
Foodland Balaklava,2025-05-04 23:59:34,Sri Lankan Curry 1 Pot,40g,N/A,$3.99,$9.98 per 100g,https://foodlandbalaklava.com.au//lines/sri-lankan-curry-1-pot-40g
Foodland Balaklava,2025-05-04 23:59:34,St Dalfour Apricot Fruit Spread,284g,was $5.80,$5.40,$1.90 per 100g,https://foodlandbalaklava.com.au//lines/st-dalfour-f-sprd-aprcot-284gm-1
Foodland Balaklava,2025-05-04 23:59:34,St Dalfour Four Fruits Spread,284g,was $5.80,$5.40,$1.90 per 100g,https://foodlandbalaklava.com.au//lines/st-dalfour-f-sprd-4-frt-284gm-1
Foodland Balaklava,2025-05-04 23:59:34,St Ives Facial Scrub Blemish Control Apricot Contains 2% Salicylic Acid,150mL,was $12.10,$5.75,$3.83 per 100mL,https://foodlandbalaklava.com.au//lines/st-ives-apr-scrb-blemsh-150ml
Foodland Balaklava,2025-05-04 23:59:34,"St Ives Fresh Skin Facial Scrub Fresh Skin Apricot For Smooth, Glowing Skin",150mL,was $12.10,$5.75,$3.83 per 100mL,https://foodlandbalaklava.com.au//lines/st-ives-apr-scrb-invig-150ml
Foodland Balaklava,2025-05-04 23:59:34,St. Dalfour St Dalfour Orange Marmalade Fruit Spread,284g,was $5.80,$5.40,$1.90 per 100g,https://foodlandbalaklava.com.au//lines/st-dalfour-f-sprd-org-mar-284g-1
Foodland Balaklava,2025-05-04 23:59:34,St. Dalfour St Dalfour Raspberry Fruit Spread,284g,was $5.80,$5.40,$1.90 per 100g,https://foodlandbalaklava.com.au//lines/st-dalfour-f-sprd-r-bry-284gm-1
Foodland Balaklava,2025-05-04 23:59:34,St. Dalfour St Dalfour Strawberry Fruit Spread,284g,was $5.80,$5.40,$1.90 per 100g,https://foodlandbalaklava.com.au//lines/st-dalfour-f-sprd-s-bry-284gm-1
Foodland Balaklava,2025-05-04 23:59:34,St. Dalfour St Dalfour Wild Blueberry Fruit Spread,284g,was $5.80,$5.40,$1.90 per 100g,https://foodlandbalaklava.com.au//lines/st-dalfour-f-sprd-w-bry-284gm-1
Foodland Balaklava,2025-05-04 23:59:34,St/​Kit S/​Fry Kit Chin Hoi450gm,N/A,N/A,$8.95,$1.99 per 100g,https://foodlandbalaklava.com.au//lines/st-kit-s-fry-kit-chin-hoi450gm
Foodland Balaklava,2025-05-04 23:59:34,St/​Kit S/​Fry Kit Mal Saty450gm,N/A,N/A,$8.95,$1.99 per 100g,https://foodlandbalaklava.com.au//lines/st-kit-s-fry-kit-mal-saty450gm
Foodland Balaklava,2025-05-04 23:59:34,Staedtler Rasoplast Eraser 2pk,N/A,N/A,$4.75,N/A,https://foodlandbalaklava.com.au//lines/staedtler-rasoplast-eraser-2pk
Foodland Balaklava,2025-05-04 23:59:34,Stagg And Co Gar/​Lime Aioli,220g,N/A,$10.00,$4.55 per 100g,https://foodlandbalaklava.com.au//lines/stagg-and-co-gar-lime-aioli-220g
Foodland Balaklava,2025-05-04 23:59:34,Stagg And Co Swt&​Sav Pickle,220g,N/A,$10.00,$4.55 per 100g,https://foodlandbalaklava.com.au//lines/stagg-and-co-swt-sav-pickle-220g
Foodland Balaklava,2025-05-04 23:59:34,Star Drops The Pink Stuff Miracle Cream Cleaner,500mL,N/A,$7.00,$1.40 per 100mL,https://foodlandbalaklava.com.au//lines/the-pink-stuff-cream-cleaner-500ml
Foodland Balaklava,2025-05-04 23:59:34,Starbucks Blonde Espresso Roast By Nespresso Blonde Roast Coffee Pods,66g,was $9.15,$6.50,$12.26 per 100g,https://foodlandbalaklava.com.au//lines/s-bucks-caps-esp-blnde-rst-10s
Foodland Balaklava,2025-05-04 23:59:34,Starbucks Caffe Verona By Nespresso Dark Roast Coffee Pods,55g,was $9.15,$6.50,$11.82 per 100g,https://foodlandbalaklava.com.au//lines/s-bucks-caps-drk-caf-verna-10s
Foodland Balaklava,2025-05-04 23:59:35,Starbucks Decaf Espresso Roast By Nespresso Dark Roast Coffee Pods,57g,was $9.15,$6.50,$11.40 per 100g,https://foodlandbalaklava.com.au//lines/s-bucks-caps-esp-rst-decaf-10s
Foodland Balaklava,2025-05-04 23:59:35,Starbucks Espresso Roast By Nespresso Dark Roast Coffee Pods,57g,was $9.15,$6.50,$11.40 per 100g,https://foodlandbalaklava.com.au//lines/s-bucks-caps-esp-drk-rst-10s
Foodland Balaklava,2025-05-04 23:59:35,Starbucks House Blend By Nespresso Medium Roast Coffee Pods,57g,was $9.15,$6.50,$11.40 per 100g,https://foodlandbalaklava.com.au//lines/s-bucks-caps-house-blnd-med10s
Foodland Balaklava,2025-05-04 23:59:35,Starbucks Italian-Style Roast By Nespresso Dark Roast Coffee Pods,56g,was $9.15,$6.50,$11.61 per 100g,https://foodlandbalaklava.com.au//lines/s-bucks-caps-med-italn-rst-10s
Foodland Balaklava,2025-05-04 23:59:35,Starbucks Pike Place Roast By Nespresso Medium Roast Coffee Pods,53g,was $9.15,$6.50,$12.26 per 100g,https://foodlandbalaklava.com.au//lines/s-bucks-caps-med-pke-place-10s
Foodland Balaklava,2025-05-04 23:59:35,Starbucks® By Nespresso® House Blend Coffee Pods,206g,N/A,$27.30,$13.25 per 100g,https://foodlandbalaklava.com.au//lines/s-bucks-caps-house-blnd-med36s
Foodland Balaklava,2025-05-04 23:59:35,Stargifts Candy Easter Egg,130g,N/A,$10.50,$8.08 per 100g,https://foodlandbalaklava.com.au//lines/stargifts-sugar-candy-egg-130gm
Foodland Balaklava,2025-05-04 23:59:35,Stargifts Candy Easter Egg,220g,N/A,$15.00,$6.82 per 100g,https://foodlandbalaklava.com.au//lines/stargifts-sugar-candy-egg-220g
Foodland Balaklava,2025-05-04 23:59:35,Stargifts Candy Easter Eggs,80g,N/A,$7.50,$9.38 per 100g,https://foodlandbalaklava.com.au//lines/stargifts-sugar-candy-egg-80g
Foodland Balaklava,2025-05-04 23:59:35,Stargifts Sugar Candy Egg 4pk,180g,N/A,$13.00,$7.22 per 100g,https://foodlandbalaklava.com.au//lines/stargifts-sugar-candy-egg-4pk-180g
Foodland Balaklava,2025-05-04 23:59:35,Stayfree All Nights Pads With Wings 10 Pack,N/A,N/A,$6.00,$0.60 Each,https://foodlandbalaklava.com.au//lines/stayfree-al-nite-xlong-wing10s
Foodland Balaklava,2025-05-04 23:59:35,Stayfree Maxi Stayfree Regular Pads No Wings 20 Pack,N/A,was $7.35,$6.00,$0.30 Each,https://foodlandbalaklava.com.au//lines/stayfree-adh-pads-reg-cot-20s
Foodland Balaklava,2025-05-04 23:59:35,Stayfree Maxi Stayfree Super Pads No Wings 18 Pack,N/A,was $7.35,$6.00,$0.33 Each,https://foodlandbalaklava.com.au//lines/stayfree-adh-pads-sup-cot-18s
Foodland Balaklava,2025-05-04 23:59:35,Stayfree Maxi Stayfree Super Pads With Wings 18 Pack,N/A,was $7.35,$6.00,$0.33 Each,https://foodlandbalaklava.com.au//lines/stayfree-super-wings-18s
Foodland Balaklava,2025-05-04 23:59:35,Stayfree Ultra Thin Light Pads With Wings 16 Pack,N/A,N/A,$6.00,$0.38 Each,https://foodlandbalaklava.com.au//lines/stayfree-u-thin-lght-wngs-16s
Foodland Balaklava,2025-05-04 23:59:35,Stayfree Ultra Thin Super Pads With Wings 12 Pack,N/A,N/A,$6.00,$0.50 Each,https://foodlandbalaklava.com.au//lines/stayfree-u-thin-wing-super-12s
Foodland Balaklava,2025-05-04 23:59:35,Steelo Silver Scourer Metalware Polish Cleaner 24 Pack,N/A,N/A,$4.95,N/A,https://foodlandbalaklava.com.au//lines/steelo-scourer-prem-silv-30gm
Foodland Balaklava,2025-05-04 23:59:35,Steelo Soap Lemon 10 Pack 10pk,N/A,N/A,$6.30,$0.63 Each,https://foodlandbalaklava.com.au//lines/steelo-soap-pads-lemon-10s
Foodland Balaklava,2025-05-04 23:59:35,Steelo Stainless Soap Pads Metalware Polish Cleaner 5 Pack 5pk,N/A,N/A,$3.15,$0.63 Each,https://foodlandbalaklava.com.au//lines/steelo-stainless-5s
Foodland Balaklava,2025-05-04 23:59:35,Steeves Maples The Orignal Canadian Syrup,250mL,N/A,$8.00,$3.20 per 100mL,https://foodlandbalaklava.com.au//lines/steeves-maple-syrup-org-250ml-1
Foodland Balaklava,2025-05-04 23:59:35,Steggles Chicken Breast Dino Snacks Tempura,400g,N/A,$6.00,$15.00 per kg,https://foodlandbalaklava.com.au//lines/steg-chic-dinosnacks-400gm
Foodland Balaklava,2025-05-04 23:59:35,Steggles Chicken Breast Tenders Sweet Chilli,400g,was $11.05,$6.50,$16.25 per kg,https://foodlandbalaklava.com.au//lines/steg-chic-tend-swt-chili-400gm
Foodland Balaklava,2025-05-04 23:59:35,Steggles Chicken Wing Nibbles Oven Roasted,1kg,was $14.95,$11.00,$11.00 per kg,https://foodlandbalaklava.com.au//lines/steg-wings-roasted-1kg
Foodland Balaklava,2025-05-04 23:59:35,Steggles Turkey Breast Roast Herb,1kg,N/A,$20.50,$20.50 per kg,https://foodlandbalaklava.com.au//lines/steg-turk-breast-roast-1kg
Foodland Balaklava,2025-05-04 23:59:35,Steradent Active Plus Denture Cleansing Tablets 48 Pack,N/A,N/A,$8.95,$0.19 Each,https://foodlandbalaklava.com.au//lines/steradent-tablets-48s
Foodland Balaklava,2025-05-04 23:59:35,Steradent Denture Cleaning Tablets Extra Strength Intensive Whitening 30 Pack,N/A,N/A,$6.30,$0.21 Each,https://foodlandbalaklava.com.au//lines/steradent-extra-strong-30s
Foodland Balaklava,2025-05-04 23:59:35,Steviasweet 220 Tablets,N/A,N/A,$9.05,$69.62 per 100g,https://foodlandbalaklava.com.au//lines/hermesetas-stevia-swt-220s
Foodland Balaklava,2025-05-04 23:59:35,Steviasweet Granulated Sweetener Jar,75g,N/A,$9.25,$12.33 per 100g,https://foodlandbalaklava.com.au//lines/hermesetas-stevia-swt-75gm
Foodland Balaklava,2025-05-04 23:59:35,Steviasweet Sachets,50 x 1g,N/A,$5.80,$11.60 per 100g,https://foodlandbalaklava.com.au//lines/hermesetas-stevia-swt-50s
Foodland Balaklava,2025-05-04 23:59:35,Stingose Gel,25g,was $10.45,$8.95,$35.80 per 100g,https://foodlandbalaklava.com.au//lines/stingose-gel-tube-25gm-1
Foodland Balaklava,2025-05-04 23:59:35,Stingose Spray,25mL,was $10.45,$8.95,$35.80 per 100mL,https://foodlandbalaklava.com.au//lines/stingose-stings-bite-spr-25ml
Foodland Balaklava,2025-05-04 23:59:35,Stopper Door,N/A,was $12.00,$9.00,N/A,https://foodlandbalaklava.com.au//lines/stopper-door
Foodland Balaklava,2025-05-04 23:59:35,Strawberry & Cream Ice Cream 1,N/A,N/A,$8.50,$0.85 per 100mL,https://foodlandbalaklava.com.au//lines/s-lee-i-crm-str-bry-dbl-crm1l
Foodland Balaklava,2025-05-04 23:59:35,Street Machine Magazine,N/A,N/A,$13.95,N/A,https://foodlandbalaklava.com.au//lines/street-machine-standard-1
Foodland Balaklava,2025-05-04 23:59:35,Streets Family Value Pack 20pack,N/A,N/A,$27.30,$1.81 per 100mL,https://foodlandbalaklava.com.au//lines/str-m-p-fam-val-pk-20s-1509ml
Foodland Balaklava,2025-05-04 23:59:35,Streets Frozen Dessert Tub Golden Gaytime,1L,N/A,$10.50,$1.05 per 100mL,https://foodlandbalaklava.com.au//lines/str-i-crm-golden-g-t-tub-1l
Foodland Balaklava,2025-05-04 23:59:35,Streets Golden Gaytime Frozen Dessert Caramel Slice Mp4,400mL,was $10.50,$9.10,$2.28 per 100mL,https://foodlandbalaklava.com.au//lines/str-m-p-gldn-g-t-caraml-slc-4s
Foodland Balaklava,2025-05-04 23:59:35,Streets Ice Confection Family Multipack Aussie Classics Mp6 Made In Australia,536mL,N/A,$11.45,$2.14 per 100mL,https://foodlandbalaklava.com.au//lines/str-m-p-aussie-classics-6s
Foodland Balaklava,2025-05-04 23:59:35,Streets Paddle Pop Frozen Dessert Tub Rainbow,1L,was $10.50,$9.15,$0.92 per 100mL,https://foodlandbalaklava.com.au//lines/str-i-crm-pad-pop-rbow-tub-1l
Foodland Balaklava,2025-05-04 23:59:35,Strepsils Anaesthetic Lozenges Menthol 16 Pack,N/A,N/A,$10.00,$0.62 Each,https://foodlandbalaklava.com.au//lines/strepsils-plus-lozenges-16s
Foodland Balaklava,2025-05-04 23:59:35,Strepsils Anaesthetic Lozenges Menthol 36 Pack,N/A,N/A,$19.95,$0.55 Each,https://foodlandbalaklava.com.au//lines/strepsils-plus-lozenges-36s
Foodland Balaklava,2025-05-04 23:59:35,Strepsils Extra Honey And Lemon Fast Numbing Sore Throat Pain Relief With Anaesthetic Lozenges 16pk 16pk,N/A,N/A,$10.00,$0.62 Each,https://foodlandbalaklava.com.au//lines/strepsils-extra-loz-hn-lmn-16s
Foodland Balaklava,2025-05-04 23:59:35,Strepsils Herbal Cough + Lozenges Honey Lemon 16 Pack,N/A,was $8.95,$7.00,$0.44 Each,https://foodlandbalaklava.com.au//lines/strepsils-herbal-hny-lmn-16s
Foodland Balaklava,2025-05-04 23:59:35,Strepsils Herbal Immune Support Lozenges Honey Lemon 16s,N/A,N/A,$8.40,$0.52 Each,https://foodlandbalaklava.com.au//lines/strepsils-herb-imune-hny-ln16s
Foodland Balaklava,2025-05-04 23:59:35,Strepsils Sore Throat Relief Honey & Lemon Lozenges 36 Pack,N/A,N/A,$13.15,$0.37 Each,https://foodlandbalaklava.com.au//lines/strepsils-honey-lemon-36s
Foodland Balaklava,2025-05-04 23:59:35,Strepsils Sore Throat Relief Orange 16 Pack,N/A,was $7.35,$5.95,$0.37 Each,https://foodlandbalaklava.com.au//lines/strepsils-orange-16s
Foodland Balaklava,2025-05-04 23:59:35,Strepsils Sore Throat Relief Orange 36 Pack,N/A,N/A,$13.15,$0.37 Each,https://foodlandbalaklava.com.au//lines/strepsils-orange-36s
Foodland Balaklava,2025-05-04 23:59:35,Stripple Taffy Rope,20g,N/A,$0.80,$3.20 per 100g,https://foodlandbalaklava.com.au//lines/taffy-rope-chew-25g
Foodland Balaklava,2025-05-04 23:59:36,Stub Daddy Flex Texture Scrubber,N/A,N/A,$5.95,N/A,https://foodlandbalaklava.com.au//lines/scrub-daddy-101-original
Foodland Balaklava,2025-05-04 23:59:36,Stubb's All-Natural Bar-B-Q Sauce Sticky Sweet,N/A,N/A,$8.15,$1.60 per 100g,https://foodlandbalaklava.com.au//lines/stubb-s-sticky-sweet-sce-510gm
Foodland Balaklava,2025-05-04 23:59:36,Sudafed Pe Double Action Sinus + Anti-Inflammatory Tablets 10 New Pack,N/A,was $11.05,$9.45,$0.94 Each,https://foodlandbalaklava.com.au//lines/sudafed-pe-sinus-ant-inflm-10s
Foodland Balaklava,2025-05-04 23:59:36,Sudafed Pe Nasal Decongestant Tablets 10 Pack,N/A,was $10.00,$8.55,$0.86 Each,https://foodlandbalaklava.com.au//lines/sudafed-pe-nasal-decon-10s
Foodland Balaklava,2025-05-04 23:59:36,Sudafed Pe Nasal Decongestant Tablets g,20 x 10m,was $16.40,$14.00,$0.70 Each,https://foodlandbalaklava.com.au//lines/sudafed-pe-nasal-decon-20s
Foodland Balaklava,2025-05-04 23:59:36,Sudafed Pe Sinus + Pain Relief Tablets 10 New Pack,N/A,was $10.50,$9.00,$0.90 Each,https://foodlandbalaklava.com.au//lines/sudafed-pe-sinus-pain-10s
Foodland Balaklava,2025-05-04 23:59:36,Sudafed Pe Sinus Pain Relief + Anti Inflammatory Double Action Tablets 20 Pack,N/A,was $17.35,$14.85,$0.74 Each,https://foodlandbalaklava.com.au//lines/sudafed-pe-sinus-ant-inflm-20s
Foodland Balaklava,2025-05-04 23:59:36,Sudocrem,125g,N/A,$15.45,$12.36 per 100g,https://foodlandbalaklava.com.au//lines/sudocrem-healing-cream-125gm
Foodland Balaklava,2025-05-04 23:59:36,Sudoku Time,N/A,N/A,$6.50,N/A,https://foodlandbalaklava.com.au//lines/sudoku-time-2
Foodland Balaklava,2025-05-04 23:59:36,Sugarine Sweetener Tablets No Calories,N/A,N/A,$6.00,$7.23 per 100g,https://foodlandbalaklava.com.au//lines/sugarine-tablets-600s
Foodland Balaklava,2025-05-04 23:59:36,Suimin Noodle Bowl Red Curry,110g,N/A,$2.80,$2.55 per 100g,https://foodlandbalaklava.com.au//lines/suimin-bowl-r-curry-beef-110gm
Foodland Balaklava,2025-05-04 23:59:36,Suimin Noodle Cup Braised Beef,70g,N/A,$2.50,$3.57 per 100g,https://foodlandbalaklava.com.au//lines/suimin-cup-braised-beef-70gm
Foodland Balaklava,2025-05-04 23:59:36,Suimin Noodle Cup Chicken,70g,N/A,$2.50,$3.57 per 100g,https://foodlandbalaklava.com.au//lines/suimin-cup-chic-noodles-70gm
Foodland Balaklava,2025-05-04 23:59:36,Suimin Noodle Cup Curried Prawn,70g,N/A,$2.50,$3.57 per 100g,https://foodlandbalaklava.com.au//lines/suimin-cup-curried-prawn-70gm
Foodland Balaklava,2025-05-04 23:59:36,Suimin Noodle Cup Hot & Spicy,70g,N/A,$2.50,$3.57 per 100g,https://foodlandbalaklava.com.au//lines/suimin-cup-hot-spicy-70gm
Foodland Balaklava,2025-05-04 23:59:36,Suimin Noodle Cup Mi Goreng,70g,N/A,$2.50,$3.57 per 100g,https://foodlandbalaklava.com.au//lines/suimin-cup-mi-goreng-70gm
Foodland Balaklava,2025-05-04 23:59:36,Suimin Noodle Cup Oriental Chicken,70g,N/A,$2.50,$3.57 per 100g,https://foodlandbalaklava.com.au//lines/suimin-cup-chckn-oriental-70gm
Foodland Balaklava,2025-05-04 23:59:36,Suimin Noodle Cup Spicy Thai,70g,N/A,$2.50,$3.57 per 100g,https://foodlandbalaklava.com.au//lines/suimin-cup-spicy-thai-70gm
Foodland Balaklava,2025-05-04 23:59:36,Suimin Noodles With Massaman Curry,110g,N/A,$2.80,$2.55 per 100g,https://foodlandbalaklava.com.au//lines/suimin-bowl-massaman-ckn-110gm
Foodland Balaklava,2025-05-04 23:59:36,Suimin Noodles With Tom-Yum,110g,N/A,$2.80,$2.55 per 100g,https://foodlandbalaklava.com.au//lines/suimin-bowl-tom-yum-110gm
Foodland Balaklava,2025-05-04 23:59:36,Suimin Origins Premium Noodle Bowl Beef Massaman,137g,was $4.20,$3.60,$2.63 per 100g,https://foodlandbalaklava.com.au//lines/suimin-bowl-beef-massaman137gm
Foodland Balaklava,2025-05-04 23:59:36,Suimin Origins Premium Noodle Bowl Seafood Laksa,124g,was $4.20,$3.60,$2.90 per 100g,https://foodlandbalaklava.com.au//lines/suimin-bowl-seafood-laksa124gm
Foodland Balaklava,2025-05-04 23:59:36,Suimin Origins Premium Noodle Bowl Thai Green Curry,122g,was $4.20,$3.60,$2.95 per 100g,https://foodlandbalaklava.com.au//lines/suimin-bowl-thai-green-122gm
Foodland Balaklava,2025-05-04 23:59:36,Suimin Origins Singapore Chilli Crab,118g,was $4.20,$3.60,$3.05 per 100g,https://foodlandbalaklava.com.au//lines/suimin-bowl-chilli-crab-118gm
Foodland Balaklava,2025-05-04 23:59:36,Suimin Rice Crackers Barbeque,100g,was $2.35,$2.00,$2.00 per 100g,https://foodlandbalaklava.com.au//lines/suimin-rice-crk-bbq-100gm
Foodland Balaklava,2025-05-04 23:59:36,Suimin Rice Crackers Original,100g,was $2.35,$2.00,$2.00 per 100g,https://foodlandbalaklava.com.au//lines/suimin-rice-crk-orig-100gm
Foodland Balaklava,2025-05-04 23:59:36,Sukin Armies Hand Wash,500mL,N/A,$12.60,$2.52 per 100mL,https://foodlandbalaklava.com.au//lines/sukin-h-wash-arkie-500ml
Foodland Balaklava,2025-05-04 23:59:36,Sukin Aromatherapy Sleep Bath Blend /​16.​9oz,500mL,N/A,$14.70,$2.94 per 100mL,https://foodlandbalaklava.com.au//lines/sukin-aroma-bath-sleep-500ml
Foodland Balaklava,2025-05-04 23:59:36,Sukin Blemish Clearing Facial Wash,125mL,N/A,$16.00,$12.80 per 100mL,https://foodlandbalaklava.com.au//lines/sukin-blem-facial-wash-125ml
Foodland Balaklava,2025-05-04 23:59:36,Sukin Blemish Oil Free Moisturiser,125mL,N/A,$16.80,$13.44 per 100mL,https://foodlandbalaklava.com.au//lines/sukin-blem-o-free-moist-125ml
Foodland Balaklava,2025-05-04 23:59:36,Sukin Blemish Pore Perfecting Toner,125mL,N/A,$16.80,$13.44 per 100mL,https://foodlandbalaklava.com.au//lines/sukin-blem-p-perf-toner-125ml
Foodland Balaklava,2025-05-04 23:59:36,Sukin Blemish Spot Banishing Gel,15mL,N/A,$17.85,$119.00 per 100mL,https://foodlandbalaklava.com.au//lines/sukin-blem-spt-banish-gel-15ml
Foodland Balaklava,2025-05-04 23:59:36,Sukin Bright Jelly Exfoliator,125mL,N/A,$16.00,$12.80 per 100mL,https://foodlandbalaklava.com.au//lines/sukin-bright-jelly-exfol-125ml
Foodland Balaklava,2025-05-04 23:59:36,Sukin Fresh Cotton Natural Deodorant,125mL,N/A,$10.50,$8.40 per 100mL,https://foodlandbalaklava.com.au//lines/sukin-nat-deo-frsh-cotn-125ml
Foodland Balaklava,2025-05-04 23:59:36,Sukin Hand & Nail Cream Tube,125mL,N/A,$11.55,$9.24 per 100mL,https://foodlandbalaklava.com.au//lines/sukin-crm-hand-nail-125ml
Foodland Balaklava,2025-05-04 23:59:36,Sukin Hydrating Body Lotion,500mL,N/A,$16.00,$3.20 per 100mL,https://foodlandbalaklava.com.au//lines/sukin-b-ltn-hydrating-500ml
Foodland Balaklava,2025-05-04 23:59:36,Sukin Men’​S Sport Body Wash,500mL,N/A,$14.65,$2.93 per 100mL,https://foodlandbalaklava.com.au//lines/sukin-mens-b-wsh-3-1-sprt500ml
Foodland Balaklava,2025-05-04 23:59:36,Sukin Paw Paw Ointment,25g,was $10.50,$5.55,$22.20 per 100g,https://foodlandbalaklava.com.au//lines/sukin-paw-paw-ointment-25gm
Foodland Balaklava,2025-05-04 23:59:36,Sukin Peach Perfect Botanical Body Wash,1L,N/A,$18.90,$1.89 per 100mL,https://foodlandbalaklava.com.au//lines/sukin-b-wsh-botanic-peach-1l
Foodland Balaklava,2025-05-04 23:59:36,Sukin Purely Ageless Restorative Night Cream,120mL,N/A,$30.00,$25.00 per 100mL,https://foodlandbalaklava.com.au//lines/sukin-n-crm-pure-restore-120ml
Foodland Balaklava,2025-05-04 23:59:36,Sukin Signature Facial Moisturiser (​Pump),125mL,N/A,$15.00,$12.00 per 100mL,https://foodlandbalaklava.com.au//lines/sukin-fcial-moisturisr-125ml
Foodland Balaklava,2025-05-04 23:59:36,Sukin Signature Foaming Facial Cleanser (​Pump),125mL,N/A,$15.00,$12.00 per 100mL,https://foodlandbalaklava.com.au//lines/sukin-clnsr-foaming-face-125m
Foodland Balaklava,2025-05-04 23:59:36,Sukin Signature Moisture Restoring Night Cream,120mL,N/A,$23.10,$19.25 per 100mL,https://foodlandbalaklava.com.au//lines/sukin-crm-nght-restore-120ml
Foodland Balaklava,2025-05-04 23:59:36,Sukin Signature Revitalising Facial Scrub,125mL,N/A,$15.00,$12.00 per 100mL,https://foodlandbalaklava.com.au//lines/sukin-fcial-scrb-revita-125ml
Foodland Balaklava,2025-05-04 23:59:36,Sukin Teen Skin Mighty Moisturiser Pump,125mL,N/A,$17.85,$14.28 per 100mL,https://foodlandbalaklava.com.au//lines/sukin-teen-skn-moist-125ml
Foodland Balaklava,2025-05-04 23:59:36,Sukin Teen Skin Super Scrub,125mL,N/A,$17.85,$14.28 per 100mL,https://foodlandbalaklava.com.au//lines/sukin-teen-skn-scrub-125ml
Foodland Balaklava,2025-05-04 23:59:36,Sukin X Reef Aid Cleansing Hand Wash Pump,500mL,N/A,$12.60,$2.52 per 100mL,https://foodlandbalaklava.com.au//lines/sukin-h-wash-pmp-x-reef-500ml
Foodland Balaklava,2025-05-04 23:59:36,Sum/​Snow Pink Lady Sprkl,750mL,N/A,$5.99,$5.99 per L,https://foodlandbalaklava.com.au//lines/sum-snow-pink-lady-sprkl-750ml
Foodland Balaklava,2025-05-04 23:59:37,Summer Snow Sparkling Granny Smith & Mint,1L,N/A,$5.99,$5.99 per L,https://foodlandbalaklava.com.au//lines/sum-snow-gran-smth-mint-750ml
Foodland Balaklava,2025-05-04 23:59:37,Sun Beam Slivered Almonds,100g,was $5.80,$4.05,$40.50 per kg,https://foodlandbalaklava.com.au//lines/s-beam-almond-slivered-100gm-2
Foodland Balaklava,2025-05-04 23:59:37,Sunbeam Almond Meal,350g,N/A,$12.60,$36.00 per kg,https://foodlandbalaklava.com.au//lines/s-beam-v-pk-almond-meal-350gm-1
Foodland Balaklava,2025-05-04 23:59:37,Sunbeam Australian Sunmuscat Sultanas,450g,N/A,$5.80,$12.89 per kg,https://foodlandbalaklava.com.au//lines/s-beam-muscat-sun-aus-450gm
Foodland Balaklava,2025-05-04 23:59:37,Sunbeam Blanched Almonds,120g,was $5.80,$4.05,$33.75 per kg,https://foodlandbalaklava.com.au//lines/s-beam-almonds-blanched-120gm-1
Foodland Balaklava,2025-05-04 23:59:37,Sunbeam Flaked Almonds,100g,was $5.80,$4.05,$40.50 per kg,https://foodlandbalaklava.com.au//lines/s-beam-almond-slivered-100gm-1
Foodland Balaklava,2025-05-04 23:59:37,Sunbeam Fruit 'N'ut Snacks Original 6 Pack,240g,N/A,$6.85,$28.54 per kg,https://foodlandbalaklava.com.au//lines/s-beam-snk-pk-fruit-nut-6x40gm
Foodland Balaklava,2025-05-04 23:59:37,Sunbeam Macadamia Halves,110g,N/A,$8.30,$75.45 per kg,https://foodlandbalaklava.com.au//lines/s-beam-macadamia-halv-110gm
Foodland Balaklava,2025-05-04 23:59:37,Sunbeam Mixed Fruit,375g,N/A,$5.80,$15.47 per kg,https://foodlandbalaklava.com.au//lines/s-beam-mixed-fruit-375gm
Foodland Balaklava,2025-05-04 23:59:37,Sunbeam Natural Almonds,130g,was $5.80,$4.05,$31.15 per kg,https://foodlandbalaklava.com.au//lines/s-beam-almonds-natural-130gm-2
Foodland Balaklava,2025-05-04 23:59:37,Sunbeam Natural Australian Pistachios,130g,N/A,$12.60,$96.92 per kg,https://foodlandbalaklava.com.au//lines/s-beam-pistachio-aus-nat-130gm
Foodland Balaklava,2025-05-04 23:59:37,Sunbeam Natural Australian Walnuts,160mL,N/A,$6.30,$39.38 per kg,https://foodlandbalaklava.com.au//lines/s-beam-walnuts-160gm-1
Foodland Balaklava,2025-05-04 23:59:37,Sunbeam Natural Sultanas,450g,N/A,$5.80,$12.89 per kg,https://foodlandbalaklava.com.au//lines/s-beam-sultanas-natural-450gm
Foodland Balaklava,2025-05-04 23:59:37,Sunbeam Raisins Sundried Seeded,375g,N/A,$5.80,$15.47 per kg,https://foodlandbalaklava.com.au//lines/s-beam-seeded-raisins-375gm
Foodland Balaklava,2025-05-04 23:59:37,Sunbeam Seed Mix,165g,N/A,$3.55,$21.52 per kg,https://foodlandbalaklava.com.au//lines/s-beam-seed-mix-165gm-1
Foodland Balaklava,2025-05-04 23:59:37,Sunbeam Skinless Hazelnuts,120g,N/A,$5.80,$48.33 per kg,https://foodlandbalaklava.com.au//lines/s-beam-hzlnuts-skinless-120gm-1
Foodland Balaklava,2025-05-04 23:59:37,Sunbeam Sultana & Cranberry,6 x 39g,N/A,$4.20,$17.95 per kg,https://foodlandbalaklava.com.au//lines/s-beam-sult-cranberry-6x39gm
Foodland Balaklava,2025-05-04 23:59:37,Sunbeam Sultanas 8pk,120g,N/A,$3.15,$26.25 per kg,https://foodlandbalaklava.com.au//lines/s-beam-sultanas-aus-8pk-120gm
Foodland Balaklava,2025-05-04 23:59:37,Sunbeam Sultanas With Apricot,6 x 37g,N/A,$4.20,$18.92 per kg,https://foodlandbalaklava.com.au//lines/s-beam-snk-pk-apri-sult-6x37gm
Foodland Balaklava,2025-05-04 23:59:37,Sunbites Crackers Mixed,288g,was $7.35,$5.50,$1.91 per 100g,https://foodlandbalaklava.com.au//lines/sunbites-crk-mix-12pk-288g
Foodland Balaklava,2025-05-04 23:59:37,Sunbites Grain Waves Wholegrain Chips Sweet Chilli,170g,was $5.25,$4.45,$2.62 per 100g,https://foodlandbalaklava.com.au//lines/sunbite-grnwave-swt-chil-170gm
Foodland Balaklava,2025-05-04 23:59:37,Sunglasses,N/A,N/A,$11.99,N/A,https://foodlandbalaklava.com.au//lines/sunglasses-2
Foodland Balaklava,2025-05-04 23:59:37,Sunglasses,N/A,N/A,$11.99,N/A,https://foodlandbalaklava.com.au//lines/sunglasses-3
Foodland Balaklava,2025-05-04 23:59:37,Sunglasses,N/A,N/A,$11.99,N/A,https://foodlandbalaklava.com.au//lines/sunglasses-5
Foodland Balaklava,2025-05-04 23:59:37,Sunglasses Polarized,N/A,N/A,$23.99,N/A,https://foodlandbalaklava.com.au//lines/sunglasses-polarized-2
Foodland Balaklava,2025-05-04 23:59:37,Sunglasses Polarized,N/A,N/A,$23.99,N/A,https://foodlandbalaklava.com.au//lines/sunglasses-polarized-3
Foodland Balaklava,2025-05-04 23:59:37,Sunglasses Polarized,N/A,N/A,$23.99,N/A,https://foodlandbalaklava.com.au//lines/sunglasses-polarized-5
Foodland Balaklava,2025-05-04 23:59:37,Sunkist Orange,6 x 275mL,was $9.55,$8.20,$4.97 per L,https://foodlandbalaklava.com.au//lines/sunkist-orange-6-x-275ml
Foodland Balaklava,2025-05-04 23:59:37,Sunkist Orange Soft Drink Bottle,2L,N/A,$3.80,$1.90 per L,https://foodlandbalaklava.com.au//lines/sunkist-orange-2l
Foodland Balaklava,2025-05-04 23:59:37,Sunkist Zero Sugar Orange Soft Drink Bottle Sugar Free,1.25L,was $3.70,$3.20,$2.56 per L,https://foodlandbalaklava.com.au//lines/sunkist-orange-zero-sug-1-25l
Foodland Balaklava,2025-05-04 23:59:37,Sunlight Dishwashing Liquid Natural Lemon,1L,was $6.65,$6.00,$0.60 per 100mL,https://foodlandbalaklava.com.au//lines/sunlight-liquid-1l
Foodland Balaklava,2025-05-04 23:59:37,Sunrice Australian Medium Grain Brown Rice,2kg,was $9.05,$6.50,$0.32 per 100g,https://foodlandbalaklava.com.au//lines/sunrice-brown-med-grain-2kg
Foodland Balaklava,2025-05-04 23:59:37,Sunrice Australian Medium Grain Brown Rice,5kg,N/A,$19.00,$0.38 per 100g,https://foodlandbalaklava.com.au//lines/sunrice-rice-brown-medium-5kg
Foodland Balaklava,2025-05-04 23:59:37,Sunrice Australian Medium Grain Calrose Rice,10kg,N/A,$38.00,$0.38 per 100g,https://foodlandbalaklava.com.au//lines/sunrice-white-med-grain-10kg
Foodland Balaklava,2025-05-04 23:59:37,Sunrice Australian Medium Grain Calrose Rice,2kg,was $9.05,$6.50,$0.32 per 100g,https://foodlandbalaklava.com.au//lines/sunrice-white-med-grain-2kg
Foodland Balaklava,2025-05-04 23:59:37,Sunrice Australian Medium Grain Calrose Rice,5kg,N/A,$19.00,$0.38 per 100g,https://foodlandbalaklava.com.au//lines/sunrice-white-med-grain-5kg
Foodland Balaklava,2025-05-04 23:59:37,Sunrice Brown Rice & Quinoa Cups,2 x 125g,N/A,$3.70,$1.48 per 100g,https://foodlandbalaklava.com.au//lines/sunrice-cup-brwrce-quin2x125gm
Foodland Balaklava,2025-05-04 23:59:37,Sunrice Brown Rice & Quinoa Pouch,250g,N/A,$3.70,$1.48 per 100g,https://foodlandbalaklava.com.au//lines/sunrice-rice-with-quinoa-250gm
Foodland Balaklava,2025-05-04 23:59:37,Sunrice Brown Rice & Quinoa Pouch,450g,N/A,$4.50,$1.00 per 100g,https://foodlandbalaklava.com.au//lines/sunrice-quinoa-brwn-rice-450gm
Foodland Balaklava,2025-05-04 23:59:37,Sunrice Brown Rice Pouch,450g,was $4.75,$4.00,$0.89 per 100g,https://foodlandbalaklava.com.au//lines/sunrice-fragant-brown-m-w450gm
Foodland Balaklava,2025-05-04 23:59:37,Sunrice Indian Grown Basmati Rice,1kg,N/A,$7.90,$0.79 per 100g,https://foodlandbalaklava.com.au//lines/sunrice-basmati-ind-class-1kg
Foodland Balaklava,2025-05-04 23:59:37,Sunrice Jasmine Rice Cups,6 x 2g,N/A,$3.70,$1.48 per 100g,https://foodlandbalaklava.com.au//lines/sunrice-jasmine-rice-cup-250gm
Foodland Balaklava,2025-05-04 23:59:37,Sunrice Jasmine Rice Pouch,250g,N/A,$3.70,$1.48 per 100g,https://foodlandbalaklava.com.au//lines/sunrice-90sec-jasmine-250gm
Foodland Balaklava,2025-05-04 23:59:37,Sunrice Jasmine Rice Pouch,6 x 450g,was $4.75,$4.00,$0.89 per 100g,https://foodlandbalaklava.com.au//lines/sunrice-jasmine-rice-m-w-450gm
Foodland Balaklava,2025-05-04 23:59:37,Sunrice Microwave Chicken Style Flavoured Rice Cups,2 x 125g,N/A,$4.20,$1.68 per 100g,https://foodlandbalaklava.com.au//lines/sunrice-cup-chic-styl-2-x-125g
Foodland Balaklava,2025-05-04 23:59:37,Sunrice Microwave Special Fried Rice Flavoured Rice Cups,2 x 125g,N/A,$4.20,$1.68 per 100g,https://foodlandbalaklava.com.au//lines/sunrice-cup-spec-fried-2-x-125g
Foodland Balaklava,2025-05-04 23:59:37,Sunrice Mini Bites Surfin' Sea Salt Multipack Kids Lunchbox Snacks 6 Pack,108g,was $5.25,$4.50,$4.17 per 100g,https://foodlandbalaklava.com.au//lines/sunrice-mini-bites-orig-6x18gm
Foodland Balaklava,2025-05-04 23:59:37,Sunrice Sushi Rice,1kg,N/A,$4.95,$0.50 per 100g,https://foodlandbalaklava.com.au//lines/sunrice-sushi-rice-1kg
Foodland Balaklava,2025-05-04 23:59:38,Sunrice White Long Grain Rice Cups,6 x 2g,N/A,$3.70,$1.48 per 100g,https://foodlandbalaklava.com.au//lines/sunrice-wht-lg-rce-2pk-250gm
Foodland Balaklava,2025-05-04 23:59:38,Sunshine Juice Lemon,250mL,N/A,$1.85,$0.74 per 100mL,https://foodlandbalaklava.com.au//lines/sunshine-jce-lemon-250ml
Foodland Balaklava,2025-05-04 23:59:38,Sunsilk Conditioner Addictive Brilliant Shine,350mL,was $6.85,$3.25,$0.93 per 100mL,https://foodlandbalaklava.com.au//lines/s-silk-cond-bril-shine-350ml
Foodland Balaklava,2025-05-04 23:59:38,Sunsilk Conditioner For Dry And Dull Hair Coconut Hydration For Up To 48h Fragrance,350mL,N/A,$6.85,$1.96 per 100mL,https://foodlandbalaklava.com.au//lines/s-silk-cond-coco-hydrat-350ml
Foodland Balaklava,2025-05-04 23:59:38,Sunsilk Shampoo & Conditioner Total Care,350mL,was $6.85,$3.25,$0.93 per 100mL,https://foodlandbalaklava.com.au//lines/s-silk-s-poo-total-care-350ml
Foodland Balaklava,2025-05-04 23:59:38,Sunsilk Shampoo Addictive Brilliant Shine,350mL,was $6.85,$3.25,$0.93 per 100mL,https://foodlandbalaklava.com.au//lines/s-silk-s-poo-bril-shine-350ml
Foodland Balaklava,2025-05-04 23:59:38,Sunsilk Shampoo Detox For Men With Eucalyptus,350mL,was $6.85,$3.25,$0.93 per 100mL,https://foodlandbalaklava.com.au//lines/s-silk-s-poo-detox-men-350ml
Foodland Balaklava,2025-05-04 23:59:38,Sunsilk Shampoo For Dry And Dull Hair Coconut Hydration For Up To 48h Fragrance,350mL,N/A,$6.85,$1.96 per 100mL,https://foodlandbalaklava.com.au//lines/s-silk-s-poo-coco-hydrat-350ml
Foodland Balaklava,2025-05-04 23:59:38,Sunsilk Soft & Smooth Conditioner,350mL,was $6.85,$3.25,$0.93 per 100mL,https://foodlandbalaklava.com.au//lines/s-silk-cond-sft-smth-350ml
Foodland Balaklava,2025-05-04 23:59:38,Sunsilk Soft & Smooth Shampoo,350mL,was $6.85,$3.25,$0.93 per 100mL,https://foodlandbalaklava.com.au//lines/s-silk-s-poo-soft-smooth-350ml
Foodland Balaklava,2025-05-04 23:59:38,"Sunsol Natural Muesli Almond, Cashew Macadamia & Walnut",500g,N/A,$8.00,$1.60 per 100g,https://foodlandbalaklava.com.au//lines/sunsol-muesli-nat-alm-nut500gm
Foodland Balaklava,2025-05-04 23:59:38,"Sunsol Natural Muesli Blueberry, Goji Berry Coconut & Chia",500g,N/A,$8.00,$1.60 per 100g,https://foodlandbalaklava.com.au//lines/sunsol-muesli-nat-bry-chi500gm
Foodland Balaklava,2025-05-04 23:59:38,Sunsol Peanut Butter & Milk Chocolate Thins,105g,N/A,$6.20,$5.90 per 100g,https://foodlandbalaklava.com.au//lines/sunsol-thins-bar-pbtr-5pk105gm
Foodland Balaklava,2025-05-04 23:59:38,"Sunsol Toasted Almond, Cashew & Chia Muesli",500g,N/A,$8.40,$1.68 per 100g,https://foodlandbalaklava.com.au//lines/sunsol-muesli-tst-alm-chi500gm
Foodland Balaklava,2025-05-04 23:59:38,Suntory Boss Coffee Iced Caramel Latte,237mL,was $4.20,$3.20,$13.50 per L,https://foodlandbalaklava.com.au//lines/boss-coff-iced-crml-latte237ml
Foodland Balaklava,2025-05-04 23:59:38,Suntory Boss Coffee Iced Double Espresso,4 x 237mL,N/A,$15.45,$16.30 per L,https://foodlandbalaklava.com.au//lines/boss-coff-dbl-espresso-4x237ml
Foodland Balaklava,2025-05-04 23:59:38,Suntory Boss Coffee Iced Latte,237mL,was $4.20,$3.20,$13.50 per L,https://foodlandbalaklava.com.au//lines/boss-coff-iced-latte-237ml
Foodland Balaklava,2025-05-04 23:59:38,Suntory Boss Coffee Rainbow Mountain Blend,179mL,was $4.20,$3.20,$17.88 per L,https://foodlandbalaklava.com.au//lines/boss-rainbow-mountain-179ml
Foodland Balaklava,2025-05-04 23:59:38,Supa Cream Coff Bn Bld,1kg,N/A,$39.95,$4.00 per 100g,https://foodlandbalaklava.com.au//lines/supa-cream-coff-bn-bld-1kg
Foodland Balaklava,2025-05-04 23:59:38,Supafry Solid Frying Oil,500g,N/A,$4.75,$0.95 per 100g,https://foodlandbalaklava.com.au//lines/supafry-500gm
Foodland Balaklava,2025-05-04 23:59:38,Super Nature Super Pulses Slow Cooked Lamb Rosemary Hotpot,300g,was $6.85,$6.00,$2.00 per 100g,https://foodlandbalaklava.com.au//lines/s-nat-h-pot-lamb-slw-ckd-300gm
Foodland Balaklava,2025-05-04 23:59:38,Super Nature Superfoods Chicken Pad Thai With Rice Noodles,350g,was $7.90,$6.90,$1.97 per 100g,https://foodlandbalaklava.com.au//lines/super-nature-p-thai-chkn-350gm
Foodland Balaklava,2025-05-04 23:59:38,Super Nature Superfoods Homestyle Sweet Potato Cottage Pie,350g,was $7.90,$6.90,$1.97 per 100g,https://foodlandbalaklava.com.au//lines/super-nature-pie-swt-pot-350gm
Foodland Balaklava,2025-05-04 23:59:38,Super Nature Wellness Bowl Super Protein Super Nut Satay Chicken,350g,was $7.90,$6.10,$1.74 per 100g,https://foodlandbalaklava.com.au//lines/s-nat-well-bowl-chk-satay-350g
Foodland Balaklava,2025-05-04 23:59:38,Super Nature Wellness Bowl Super Vegan Green Chickpea Curry,350g,was $7.90,$6.10,$1.74 per 100g,https://foodlandbalaklava.com.au//lines/s-nat-well-bowl-chickpea-350g
Foodland Balaklava,2025-05-04 23:59:38,Super Nature Wellness Bowl Super Vegan Sri Lankan Curry,350g,was $7.90,$6.10,$1.74 per 100g,https://foodlandbalaklava.com.au//lines/s-nat-well-bwl-grn-cury-350gm
Foodland Balaklava,2025-05-04 23:59:38,Supercoat® Smartblend® Adult Active Dog Food With Beef,6.7kg,was $37.80,$33.30,$0.50 per 100g,https://foodlandbalaklava.com.au//lines/supercoat-d-f-adt-act-bf-6-7kg
Foodland Balaklava,2025-05-04 23:59:38,Supercoat® Smartblend® Adult Dog Food With Beef,2.8kg,was $18.90,$15.00,$0.54 per 100g,https://foodlandbalaklava.com.au//lines/supercoat-d-f-adlt-beef-2-8kg
Foodland Balaklava,2025-05-04 23:59:38,Supercoat® Smartblend® Adult Dog Food With Chicken,2.8kg,was $18.90,$15.00,$0.54 per 100g,https://foodlandbalaklava.com.au//lines/supercoat-d-f-adlt-chck-2-8kg
Foodland Balaklava,2025-05-04 23:59:38,Supercoat® Smartblend® Adult Healthy Weight Dog Food With Chicken,2.6kg,was $18.90,$15.00,$0.58 per 100g,https://foodlandbalaklava.com.au//lines/supercoat-d-f-hlth-wght-2-6kg
Foodland Balaklava,2025-05-04 23:59:38,Supercoat® Smartblend® Adult Healthy Weight Dog Food With Chicken,6.7kg,was $37.80,$33.30,$0.50 per 100g,https://foodlandbalaklava.com.au//lines/supercoat-d-f-hlth-wght-6-7kg
Foodland Balaklava,2025-05-04 23:59:38,Supercoat® Smartblend® Adult Large Breed Dog Food With Chicken,7kg,was $37.80,$33.30,$0.48 per 100g,https://foodlandbalaklava.com.au//lines/supercoat-d-f-lrg-brd-chk-7kg
Foodland Balaklava,2025-05-04 23:59:38,Supercoat® Smartblend® Adult Sensitive Dog Food With Fish,2.6kg,was $18.90,$15.00,$0.58 per 100g,https://foodlandbalaklava.com.au//lines/supercoat-d-f-adlt-senstv2-6kg
Foodland Balaklava,2025-05-04 23:59:38,Supercoat® Smartblend® Adult Small Breed Dog Food With Beef,2.8kg,was $18.90,$15.00,$0.54 per 100g,https://foodlandbalaklava.com.au//lines/supercoat-d-f-smll-brd-bf2-8kg
Foodland Balaklava,2025-05-04 23:59:38,Supercoat® Smartblend® Adult Small Breed Dog Food With Chicken,2.8kg,was $18.90,$15.00,$0.54 per 100g,https://foodlandbalaklava.com.au//lines/supercoat-d-f-sml-brd-chk2-8kg
Foodland Balaklava,2025-05-04 23:59:38,Supercoat® Smartblend® Puppy Dog Food With Chicken,2.6kg,was $18.90,$15.00,$0.58 per 100g,https://foodlandbalaklava.com.au//lines/supercoat-d-f-puppy-chic-2-6kg
Foodland Balaklava,2025-05-04 23:59:38,Supercoat® Smartblend® Senior Dog Food With Fish,2.6kg,was $18.90,$15.00,$0.58 per 100g,https://foodlandbalaklava.com.au//lines/supercoat-d-f-senior-fish2-6kg
Foodland Balaklava,2025-05-04 23:59:38,Suprima BBQ Pizza Roll,N/A,N/A,$2.80,$3.29 per 100g,https://foodlandbalaklava.com.au//lines/suprima-bbq-pizza-roll
Foodland Balaklava,2025-05-04 23:59:38,Suprima Finger Bun Plain 4pk,N/A,N/A,$4.80,$1.50 per 100g,https://foodlandbalaklava.com.au//lines/suprima-finger-bun-plain-4pk-1
Foodland Balaklava,2025-05-04 23:59:38,Suprima Finger Bun Plain,80g,N/A,$1.25,$1.56 per 100g,https://foodlandbalaklava.com.au//lines/suprima-finger-bun-plain-80gm-1
Foodland Balaklava,2025-05-04 23:59:38,Suprima Hcb Dbl Choc 6pk,480g,N/A,$5.10,$1.06 per 100g,https://foodlandbalaklava.com.au//lines/suprima-hcb-dbl-choc-6pk-480gm-1
Foodland Balaklava,2025-05-04 23:59:38,Suprima Rolls Crusty Euro120gm,N/A,N/A,$1.05,$0.88 per 100g,https://foodlandbalaklava.com.au//lines/suprima-rolls-crusty-euro120gm-1
Foodland Balaklava,2025-05-04 23:59:38,Suprima Rolls Round White 6pk,N/A,N/A,$3.40,$0.71 per 100g,https://foodlandbalaklava.com.au//lines/suprima-rolls-round-whte-6pk
Foodland Balaklava,2025-05-04 23:59:38,Suprima Rolls Sesame Seed,120g,N/A,$1.00,$0.83 per 100g,https://foodlandbalaklava.com.au//lines/suprima-rolls-sesame-seed-120g
Foodland Balaklava,2025-05-04 23:59:38,Suprima Scroll Aussie Lge113gm,N/A,N/A,$2.55,$2.26 per 100g,https://foodlandbalaklava.com.au//lines/suprima-scroll-aussie-lge113gm-1
Foodland Balaklava,2025-05-04 23:59:38,Suprima Scroll Cinn 2pk,N/A,N/A,$4.50,$2.25 per 100g,https://foodlandbalaklava.com.au//lines/suprima-scroll-cinn-2pk
Foodland Balaklava,2025-05-04 23:59:38,Suprima Scroll Cinn Lge,100g,N/A,$2.65,$2.65 per 100g,https://foodlandbalaklava.com.au//lines/suprima-scroll-cinn-lge-100gm-2
Foodland Balaklava,2025-05-04 23:59:38,Suprima Scroll Hawaiian,N/A,N/A,$3.00,$3.16 per 100g,https://foodlandbalaklava.com.au//lines/suprima-scroll-hawaiian-1
Foodland Balaklava,2025-05-04 23:59:39,Suprima Scroll Marg Lge,95g,N/A,$2.90,$3.05 per 100g,https://foodlandbalaklava.com.au//lines/suprima-scroll-marg-lge-95gm
Foodland Balaklava,2025-05-04 23:59:39,Suprima Spinach & Feta Scroll,N/A,N/A,$2.50,$0.60 per 100g,https://foodlandbalaklava.com.au//lines/suprima-spinach-feta-scroll
Foodland Balaklava,2025-05-04 23:59:39,Suprima Vienna German Rye,350g,N/A,$3.80,$0.54 per 100g,https://foodlandbalaklava.com.au//lines/suprima-vienna-german-rye-350g
Foodland Balaklava,2025-05-04 23:59:39,Suprima Vienna German Rye700gm,N/A,N/A,$6.45,$0.92 per 100g,https://foodlandbalaklava.com.au//lines/suprima-vienna-german-rye700gm-1
Foodland Balaklava,2025-05-04 23:59:39,Suprima Vienna White Large,760g,N/A,$5.20,$0.68 per 100g,https://foodlandbalaklava.com.au//lines/suprima-brd-vienna-wht-lrg760g-1
Foodland Balaklava,2025-05-04 23:59:39,Suree Tamarind Paste,227g,N/A,$4.40,$1.94 per 100g,https://foodlandbalaklava.com.au//lines/suree-tamarind-paste-227g
Foodland Balaklava,2025-05-04 23:59:39,Surf 5 Herbal Extracts Washing Liquid Brilliantly Cleans For Fresher Laundry For Longer 5 In 1 With Incredible Fragrance Washes,1L,was $8.10,$6.00,$6.00 per L,https://foodlandbalaklava.com.au//lines/surf-liq-herbals-1l
Foodland Balaklava,2025-05-04 23:59:39,Surf Laundry Capsules Aqua Fresh 30.​000 Ea,N/A,was $15.75,$13.00,$0.43 Each,https://foodlandbalaklava.com.au//lines/surf-ldry-caps-aqua-fresh-30s
Foodland Balaklava,2025-05-04 23:59:39,Surf Laundry Capsules Tropical 17 Ea,N/A,N/A,$10.00,$0.56 Each,https://foodlandbalaklava.com.au//lines/surf-ldry-caps-tropical-18s
Foodland Balaklava,2025-05-04 23:59:39,Surf Laundry Liquid Herbals Extract,4L,N/A,$18.00,$4.50 per L,https://foodlandbalaklava.com.au//lines/surf-liq-herbals-4l
Foodland Balaklava,2025-05-04 23:59:39,Surf Laundry Powder Tropical,3kg,was $18.90,$13.00,$4.33 per kg,https://foodlandbalaklava.com.au//lines/surf-l-pdr-f-t-tropical-3kg
Foodland Balaklava,2025-05-04 23:59:39,Surgical Basics Lice Comb Fluro,N/A,N/A,$1.40,N/A,https://foodlandbalaklava.com.au//lines/surgical-basics-lice-comb-fluro
Foodland Balaklava,2025-05-04 23:59:39,Surprise Apple & Blackcurrant Drink,250mL,N/A,$2.99,$1.20 per 100mL,https://foodlandbalaklava.com.au//lines/blackcurrant-drink-with-surprise-250ml
Foodland Balaklava,2025-05-04 23:59:39,Sweet As Nas Choc-Original,100g,N/A,$8.50,$8.50 per 100g,https://foodlandbalaklava.com.au//lines/swt-as-chocolate-nas-orig-100g
Foodland Balaklava,2025-05-04 23:59:39,Sweet Chilli Crab Dip,N/A,N/A,$6.00,$3.00 per 100g,https://foodlandbalaklava.com.au//lines/ob-sweet-chilli-crab-200g
Foodland Balaklava,2025-05-04 23:59:39,Sweet Love Bouquet,N/A,N/A,$30.00,N/A,https://foodlandbalaklava.com.au//lines/sweet-love-bouquet
Foodland Balaklava,2025-05-04 23:59:39,Sweet N Sour Tubs Happy Mix,165g,N/A,$5.50,$3.33 per 100g,https://foodlandbalaklava.com.au//lines/s-s-tub-happy-mix-165g
Foodland Balaklava,2025-05-04 23:59:39,Sweet N Sour Tubs Rainbow,165g,N/A,$5.50,$3.33 per 100g,https://foodlandbalaklava.com.au//lines/s-s-tub-sour-rainbow-165g
Foodland Balaklava,2025-05-04 23:59:39,Sweet N Sour Tubs Tutti Frutti,165g,N/A,$5.50,$3.33 per 100g,https://foodlandbalaklava.com.au//lines/swtsr-tub-tutti-frutti-165gm
Foodland Balaklava,2025-05-04 23:59:39,Sweet N Sour Tubs Various Flavours,165g,N/A,$5.99,N/A,https://foodlandbalaklava.com.au//lines/s-s-tub-sour-cola-165g
Foodland Balaklava,2025-05-04 23:59:39,Sweet N Sour Tubs Various Flavours,165g,N/A,$5.50,$3.33 per 100g,https://foodlandbalaklava.com.au//lines/s-s-sweet-mix-165g
Foodland Balaklava,2025-05-04 23:59:39,Sweet Sour Stick Sour Cola,35g,N/A,$2.70,$6.75 per 100g,https://foodlandbalaklava.com.au//lines/s-s-cola-sour-sticks-40g
Foodland Balaklava,2025-05-04 23:59:39,Sweet Sour Stick Various Flavour,35g,N/A,$2.70,$6.75 per 100g,https://foodlandbalaklava.com.au//lines/s-s-rainbow-sour-stick-40g
Foodland Balaklava,2025-05-04 23:59:39,Sweet Sour Stick Watermelon,35g,N/A,$2.70,$6.75 per 100g,https://foodlandbalaklava.com.au//lines/s-s-watermelon-stick-40gm
Foodland Balaklava,2025-05-04 23:59:39,Sweet William Chocolate Baking Buttons,300g,N/A,$8.50,$2.83 per 100g,https://foodlandbalaklava.com.au//lines/swt-william-milk-buttons-300g
Foodland Balaklava,2025-05-04 23:59:39,Sweet William Dairy Free Mylk Choc Chips,200g,N/A,$7.00,$3.50 per 100g,https://foodlandbalaklava.com.au//lines/swt-dairy-free-mylk-ch-chips-200g
Foodland Balaklava,2025-05-04 23:59:39,Sweet William Dairy Free Original,100g,N/A,$8.50,$8.50 per 100g,https://foodlandbalaklava.com.au//lines/swt-william-choc-blk-orig-100gm
Foodland Balaklava,2025-05-04 23:59:39,Sweet William Dairy Free White Delight,100g,N/A,$8.50,$8.50 per 100g,https://foodlandbalaklava.com.au//lines/swt-william-choc-blk-white-100gm
Foodland Balaklava,2025-05-04 23:59:39,Sweet William Dark Chocolate Baking Buttons,300g,N/A,$8.50,$2.83 per 100g,https://foodlandbalaklava.com.au//lines/swt-william-dk-bake-buttons-300g
Foodland Balaklava,2025-05-04 23:59:39,Sweet William Sweet As White Strawberry Chocolate,100g,N/A,$8.50,$8.50 per 100g,https://foodlandbalaklava.com.au//lines/swt-william-white-s-berry-blk-100g
Foodland Balaklava,2025-05-04 23:59:39,Sweet William White Chocolate Baking Buttons,300g,N/A,$8.60,$2.87 per 100g,https://foodlandbalaklava.com.au//lines/swt-william-wht-choc-button-300g
Foodland Balaklava,2025-05-04 23:59:39,Sweetcorn Baby Pre Pack,115g,N/A,$5.40,$46.96 per kg,https://foodlandbalaklava.com.au//lines/sweetcorn-baby-pre-pack-115g
Foodland Balaklava,2025-05-04 23:59:39,Swiss Natural Gluten Free Corncake Cookie,70g,N/A,$3.80,$5.43 per 100g,https://foodlandbalaklava.com.au//lines/swiss-nat-cookie-cornflke-70gm
Foodland Balaklava,2025-05-04 23:59:39,Swiss Natural Triple Choc Gluten Free Cookie,70g,N/A,$3.80,$5.43 per 100g,https://foodlandbalaklava.com.au//lines/swiss-nat-cookie-trp-choc-70gm
Foodland Balaklava,2025-05-04 23:59:39,Swiss Natü​ral Gluten Free Hot Dog Rolls,2 x 160g,N/A,$5.00,N/A,https://foodlandbalaklava.com.au//lines/swiss-natural-gluten-free-h-dog-rolls-2p
Foodland Balaklava,2025-05-04 23:59:39,Swisse Beauty Hair Skin Nails+ 60 Tablets,N/A,was $29.50,$14.75,$24.58 Units100,https://foodlandbalaklava.com.au//lines/swisse-ultiboost-skin-nail-60s
Foodland Balaklava,2025-05-04 23:59:39,Swisse Ultiboost Sleep 60 Tablets,N/A,was $29.50,$14.75,$24.58 Units100,https://foodlandbalaklava.com.au//lines/swisse-ultiboost-sleep-60s
Foodland Balaklava,2025-05-04 23:59:39,Swisse Ultiboost Vitamin D 60 Capsules,N/A,was $15.00,$7.50,$12.50 Units100,https://foodlandbalaklava.com.au//lines/swisse-ultiboost-vit-d-60s
Foodland Balaklava,2025-05-04 23:59:39,Swisse Ultiboost Zinc+ 60 Tablets,N/A,was $19.50,$9.75,$16.25 Units100,https://foodlandbalaklava.com.au//lines/swisse-ultibst-zinc-60s
Foodland Balaklava,2025-05-04 23:59:39,Swisspers Cotton Tips Paper Stems 120pk 120pk,N/A,N/A,$3.33,$2.78 Units100,https://foodlandbalaklava.com.au//lines/swisspers-cot-tip-pap-stm-120s
Foodland Balaklava,2025-05-04 23:59:39,Swisspers Cotton Wool Balls 160 Pack,N/A,N/A,$4.20,$2.62 Units100,https://foodlandbalaklava.com.au//lines/swisspers-cotton-ball-160s
Foodland Balaklava,2025-05-04 23:59:39,Swisspers Cucumber Facial Wipes 25 Pack,N/A,N/A,$5.90,$0.24 Each,https://foodlandbalaklava.com.au//lines/swisspers-facial-wipes-cmb-25s
Foodland Balaklava,2025-05-04 23:59:39,Swisspers Dual Cosmetic Tips Paper Stems 100 Pack,N/A,N/A,$3.90,$3.90 Units100,https://foodlandbalaklava.com.au//lines/swisspers-ctn-tip-pap-st-100pk
Foodland Balaklava,2025-05-04 23:59:39,Swisspers Eco Aloe Vera Biodegradable Facial Wipes 25 Pack,N/A,was $6.85,$6.05,$0.24 Each,https://foodlandbalaklava.com.au//lines/swisspers-wipes-eco-aloe-25pk
Foodland Balaklava,2025-05-04 23:59:39,Swisspers Giant Make-Up Pads 50 Pack,N/A,N/A,$4.20,$8.40 Units100,https://foodlandbalaklava.com.au//lines/swisspers-m-up-pad-cott-gnt50s
Foodland Balaklava,2025-05-04 23:59:39,Swisspers Make-Up Pads 20 Pack,N/A,N/A,$2.50,$0.12 Each,https://foodlandbalaklava.com.au//lines/swisspers-trvl-pads-20s
Foodland Balaklava,2025-05-04 23:59:39,Swisspers Make-Up Pads 80 Pack,N/A,N/A,$4.30,$5.38 Units100,https://foodlandbalaklava.com.au//lines/swisspers-make-up-pads-rnd-80s
Foodland Balaklava,2025-05-04 23:59:39,Swisspers Micellar And Coconut Water Facial Wipes 25 Pack,N/A,N/A,$5.90,$0.24 Each,https://foodlandbalaklava.com.au//lines/swisspers-wipes-fcl-m-cw-25s
Foodland Balaklava,2025-05-04 23:59:40,Swisspers Original Facial Wipes 25 Pack,N/A,N/A,$5.90,$0.24 Each,https://foodlandbalaklava.com.au//lines/swisspers-facial-wips-scnt-25s
Foodland Balaklava,2025-05-04 23:59:40,Swt William Blk Rice Crackle,100g,N/A,$8.50,$8.50 per 100g,https://foodlandbalaklava.com.au//lines/swt-william-blk-rice-crackle-100g
Foodland Balaklava,2025-05-04 23:59:40,Swt William Koala R/​Crackle Sh/​Pck,180g,N/A,$7.60,$4.22 per 100g,https://foodlandbalaklava.com.au//lines/swt-william-koala-r-crackle-sh-pck-180gm
Foodland Balaklava,2025-05-04 23:59:40,Symingtons Dandelion Herbal Tea,250g,N/A,$13.99,$5.60 per 100g,https://foodlandbalaklava.com.au//lines/symingtons-dandelion-herbal-tea-250gm
Foodland Balaklava,2025-05-04 23:59:40,T/​Valley Pork Collar Butt Rw,N/A,was $18.00 per kg,$41.25,$16.50 per kg,https://foodlandbalaklava.com.au//lines/t-valley-pork-collar-butt-rw
Foodland Balaklava,2025-05-04 23:59:40,T2 French Earl Grey Tea Bags 25 Pack,50g,N/A,$18.40,$36.80 per 100g,https://foodlandbalaklava.com.au//lines/t2-t-bag-french-earl-grey-25s
Foodland Balaklava,2025-05-04 23:59:40,T2 Sleep Tight Herbal Tea Bag 10 Pack,15g,N/A,$7.90,$52.67 per 100g,https://foodlandbalaklava.com.au//lines/t2-t-bag-sleep-tight-10s
Foodland Balaklava,2025-05-04 23:59:40,Tabasco® Original Red Pepper Sauce,60mL,was $5.80,$4.65,$7.75 per 100mL,https://foodlandbalaklava.com.au//lines/tabasco-sce-pepper-red-60ml-1
Foodland Balaklava,2025-05-04 23:59:40,Tabasco® Sriracha Sauce,300g,was $6.30,$5.65,$2.21 per 100mL,https://foodlandbalaklava.com.au//lines/tabasco-sce-sriracha-chl-256ml
Foodland Balaklava,2025-05-04 23:59:40,Take 5 Magazine,N/A,N/A,$4.50,N/A,https://foodlandbalaklava.com.au//lines/take-5-magazine
Foodland Balaklava,2025-05-04 23:59:40,Take 5 Magazine Bumper Monthly,N/A,N/A,$5.60,N/A,https://foodlandbalaklava.com.au//lines/take-5-monthly
Foodland Balaklava,2025-05-04 23:59:40,Take 5 Mega Puzzler,N/A,N/A,$6.50,N/A,https://foodlandbalaklava.com.au//lines/take-5-mega-puzzler-standard
Foodland Balaklava,2025-05-04 23:59:40,Take 5 Pocket Puzzler Magazine,N/A,N/A,$5.50,N/A,https://foodlandbalaklava.com.au//lines/take-5-pocket-puzzler-standard
Foodland Balaklava,2025-05-04 23:59:40,Talon Ant Kill Gel,5g,N/A,$10.50,N/A,https://foodlandbalaklava.com.au//lines/talon-ant-kill-gel-5g
Foodland Balaklava,2025-05-04 23:59:40,Talon Rat & Mouse Killer,150g,N/A,$10.00,$6.67 per 100g,https://foodlandbalaklava.com.au//lines/talon-pellets-150gm
Foodland Balaklava,2025-05-04 23:59:40,Talon Wax Block,72g,N/A,$7.35,$10.21 per 100g,https://foodlandbalaklava.com.au//lines/talon-wax-block-72gm
Foodland Balaklava,2025-05-04 23:59:40,Tamar Valley Dairy Greek Style Yoghurt,500g,N/A,$4.20,$0.84 per 100g,https://foodlandbalaklava.com.au//lines/t-valley-ygt-greek-500gm
Foodland Balaklava,2025-05-04 23:59:40,Tamar Valley Dairy Mangoes & Cream Yoghurt,700g,N/A,$7.35,$1.05 per 100g,https://foodlandbalaklava.com.au//lines/t-valley-ygt-mango-cream-700gm
Foodland Balaklava,2025-05-04 23:59:40,Tamar Valley Dairy Tamar Valley Vanilla Greek Style Yoghurt,700g,N/A,$7.35,$1.05 per 100g,https://foodlandbalaklava.com.au//lines/t-valley-ygt-grk-van-700gm
Foodland Balaklava,2025-05-04 23:59:40,Tampax Regular 20 Counts 20pk,N/A,was $8.40,$7.00,$0.35 Each,https://foodlandbalaklava.com.au//lines/tampax-tampons-cef-reg-20s
Foodland Balaklava,2025-05-04 23:59:40,Tandaco® Seasoned Stuffing Mix,200g,N/A,$3.15,$1.58 per 100g,https://foodlandbalaklava.com.au//lines/tandaco-stuffing-seasoned200gm
Foodland Balaklava,2025-05-04 23:59:40,Tania Young Corn Spears,425g,N/A,$2.29,$0.54 per 100g,https://foodlandbalaklava.com.au//lines/tania-young-corn-spears-425g
Foodland Balaklava,2025-05-04 23:59:40,Taralli O/​Oil & S/​Salt Crackers,250g,was $7.85,$7.00,$2.80 per 100g,https://foodlandbalaklava.com.au//lines/taralli-o-oil-s-salt-crackers-250gm
Foodland Balaklava,2025-05-04 23:59:40,Tasmania Heritage Club Cheddar Trilogy,80g,was $5.05,$4.00,$50.00 per kg,https://foodlandbalaklava.com.au//lines/tas-heritage-chs-tri-cl-vn80gm
Foodland Balaklava,2025-05-04 23:59:40,Tasmanian Heritage 3 Piece Cheese Selection Platter,295g,N/A,$15.75,$53.39 per kg,https://foodlandbalaklava.com.au//lines/tas-heritage-platter-3pc-295g
Foodland Balaklava,2025-05-04 23:59:40,Tasmanian Heritage Australian Havarti Cheese,180g,N/A,$6.85,$38.06 per kg,https://foodlandbalaklava.com.au//lines/tas-heritage-chs-havarti-180gm
Foodland Balaklava,2025-05-04 23:59:40,"Tasmanian Heritage Cheddar Trilogy Of Summer Herbs, Vintage & Sun Dried Tomato",140g,was $8.55,$6.50,$46.43 per kg,https://foodlandbalaklava.com.au//lines/tas-club-vint-tom-s-drd-140gm
Foodland Balaklava,2025-05-04 23:59:40,Tasmanian Heritage Double Brie,200g,was $12.55,$11.15,$55.75 per kg,https://foodlandbalaklava.com.au//lines/tas-heritage-double-brie-200gm
Foodland Balaklava,2025-05-04 23:59:40,Tasmanian Heritage Gouda Cheese,180g,N/A,$6.85,$38.06 per kg,https://foodlandbalaklava.com.au//lines/tas-heritage-chs-goud-aus180gm
Foodland Balaklava,2025-05-04 23:59:40,Tasmanian Heritage Havarti Cheese,80g,was $5.05,$4.00,$50.00 per kg,https://foodlandbalaklava.com.au//lines/tas-heritage-chs-havarti-80gm
Foodland Balaklava,2025-05-04 23:59:40,Tasmanian Heritage Vintage Club Cheddar,140g,was $8.55,$6.50,$46.43 per kg,https://foodlandbalaklava.com.au//lines/tas-club-ched-vintage-140gm
Foodland Balaklava,2025-05-04 23:59:40,Tassal Cooked Tiger Prawns,1kg,N/A,$36.00,$36.00 per kg,https://foodlandbalaklava.com.au//lines/tassal-prwn-tiger-ckd-aus-1kg
Foodland Balaklava,2025-05-04 23:59:40,Taste Of India Madras Sauce,425g,was $6.10,$4.90,$1.15 per 100g,https://foodlandbalaklava.com.au//lines/tst-india-madras-simm-sce-425gm
Foodland Balaklava,2025-05-04 23:59:40,Taste of India Vindaloo Simmer Sauce,425g,was $6.10,$4.90,$1.15 per 100g,https://foodlandbalaklava.com.au//lines/tst-india-vindaloo-sim-sce-425gm
Foodland Balaklava,2025-05-04 23:59:40,Tasti Nut Bar Meganuts Caramel,240g,N/A,$4.95,$2.06 per 100g,https://foodlandbalaklava.com.au//lines/tasti-mega-nuts-caramel-240g
Foodland Balaklava,2025-05-04 23:59:40,Tasti Protein Nut Bar Dark Choc Cranberry,5 x 200g,N/A,$6.00,$2.50 per 100g,https://foodlandbalaklava.com.au//lines/tasti-pr-bar-dk-choc-cran-200g
Foodland Balaklava,2025-05-04 23:59:40,Tatua Chocolate Mousse,250g,N/A,$7.15,$2.86 per 100g,https://foodlandbalaklava.com.au//lines/t-chef-mousse-choc-250gm
Foodland Balaklava,2025-05-04 23:59:40,Tatua Espresso Mousse,250g,N/A,$7.15,$2.86 per 100g,https://foodlandbalaklava.com.au//lines/tatua-mousse-espresso-250gm
Foodland Balaklava,2025-05-04 23:59:40,Tatua Mascarpone,500g,N/A,$10.05,$2.01 per 100g,https://foodlandbalaklava.com.au//lines/tatua-mascarpone-pouch-500gm
Foodland Balaklava,2025-05-04 23:59:40,Taylors Of Harogate Yorkshire Tea Black Tea,220g,N/A,$6.60,$3.00 per 100g,https://foodlandbalaklava.com.au//lines/taylors-york-t-bags-class-100s
Foodland Balaklava,2025-05-04 23:59:40,Taylors Of Harogate Yorkshire Tea Proper Strong,260g,N/A,$7.90,$3.04 per 100g,https://foodlandbalaklava.com.au//lines/taylors-y-shire-pro-str-bag-100s
Foodland Balaklava,2025-05-04 23:59:40,Tc Basa Fillets,500g,N/A,$5.50,$11.00 per kg,https://foodlandbalaklava.com.au//lines/tc-basa-fillets-500g
Foodland Balaklava,2025-05-04 23:59:40,Tc Scallop Meat Roe Off,200g,N/A,$21.00,$10.50 per 100g,https://foodlandbalaklava.com.au//lines/tc-scallop-meat-roe-off-200g
Foodland Balaklava,2025-05-04 23:59:40,Teenage Girl Birthday Card,N/A,N/A,$4.99,N/A,https://foodlandbalaklava.com.au//lines/card-teenage-girl-bday-4-99
Foodland Balaklava,2025-05-04 23:59:40,Telfast Allergy Tab 180mg 5s,N/A,N/A,$8.80,$1.76 Each,https://foodlandbalaklava.com.au//lines/telfast-allergy-tab-180mg-5s
Foodland Balaklava,2025-05-04 23:59:40,Tempt Bakery Petit Qche Lor 18pk,N/A,N/A,$8.30,N/A,https://foodlandbalaklava.com.au//lines/tempt-bakery-petit-qche-lor-18pk
Foodland Balaklava,2025-05-04 23:59:40,Temptations Cat Treats Creamy Dairy Bag,85g,N/A,$5.80,$6.82 per 100g,https://foodlandbalaklava.com.au//lines/temptations-crmy-dairy-85g
Foodland Balaklava,2025-05-04 23:59:40,Temptations Cat Treats Hearty Beef Bag,180g,was $10.50,$8.00,$4.44 per 100g,https://foodlandbalaklava.com.au//lines/temptations-hrty-beef-180gm
Foodland Balaklava,2025-05-04 23:59:41,Temptations Cat Treats Tasty Chicken Bag,180g,was $10.50,$8.00,$4.44 per 100g,https://foodlandbalaklava.com.au//lines/temptations-chicken-180gm
Foodland Balaklava,2025-05-04 23:59:41,Temptations Cat Treats Tasty Chicken Bag,350g,was $18.40,$15.00,$4.29 per 100g,https://foodlandbalaklava.com.au//lines/temptations-chicken-350gm
Foodland Balaklava,2025-05-04 23:59:41,Temptations Spoons Tasty Chicken And Cheesy Cheese Flavour,40g,N/A,$5.25,$13.12 per 100g,https://foodlandbalaklava.com.au//lines/temptations-spn-chic-chs4x10gm
Foodland Balaklava,2025-05-04 23:59:41,Tena Discreet Women Pants Low Waist White Large 8 Pk,N/A,was $16.30,$11.30,$1.41 Each,https://foodlandbalaklava.com.au//lines/tena-pants-women-large-8s
Foodland Balaklava,2025-05-04 23:59:41,Tena Discreet Women's High Waist Underwear Creme Large (​L) 8 Pack,N/A,N/A,$20.80,$2.60 Each,https://foodlandbalaklava.com.au//lines/tena-pants-discret-sup-lge-8s
Foodland Balaklava,2025-05-04 23:59:41,Tena Discreet Women's High Waist Underwear Creme Medium (​M) 9 Pack,N/A,was $20.80,$16.50,$1.83 Each,https://foodlandbalaklava.com.au//lines/tena-pants-discret-sup-med-9s
Foodland Balaklava,2025-05-04 23:59:41,Tena Discreet Women's Low Waist Underwear White Medium (​M) 8 Pack,N/A,was $16.30,$11.30,$1.41 Each,https://foodlandbalaklava.com.au//lines/tena-pants-women-med-8s
Foodland Balaklava,2025-05-04 23:59:41,Tena Extra Long Length Liners 24 Pack,N/A,was $6.30,$4.70,$0.20 Each,https://foodlandbalaklava.com.au//lines/tena-active-liner-long-xtra24s
Foodland Balaklava,2025-05-04 23:59:41,Tena Incontinence Pads Extra Standard Length,N/A,was $7.80,$5.10,$0.42 Each,https://foodlandbalaklava.com.au//lines/tena-extra-std-length-12s
Foodland Balaklava,2025-05-04 23:59:41,Tena Incontinence Pads Instadry Standard Length,N/A,was $12.50,$11.00,$0.55 Each,https://foodlandbalaklava.com.au//lines/tena-pads-instadry-std-20s
Foodland Balaklava,2025-05-04 23:59:41,Tena Liners Ultimate Coverage Ultra Long Liner 22 Pack,N/A,was $6.30,$4.70,$0.21 Each,https://foodlandbalaklava.com.au//lines/tena-liner-incont-u-long-22s
Foodland Balaklava,2025-05-04 23:59:41,Tena Men Active Fit Absorbent Protector Level 2 Moderate 10 Pack,N/A,was $11.35,$10.00,$1.00 Each,https://foodlandbalaklava.com.au//lines/tena-for-men-level-2-10s
Foodland Balaklava,2025-05-04 23:59:41,Tena Men Active Fit Absorbent Protector Level 3 Super 8 Pack,N/A,was $11.35,$10.00,$1.25 Each,https://foodlandbalaklava.com.au//lines/tena-for-men-level-3-8s
Foodland Balaklava,2025-05-04 23:59:41,Tena Men Premium Fit Protective Underwear Level 4 Maxi Medium/​Large (​M/​L) 8 Pack,N/A,was $17.85,$16.90,$2.11 Each,https://foodlandbalaklava.com.au//lines/tena-pants-men-level-4-lge-8s
Foodland Balaklava,2025-05-04 23:59:41,Tena Pads Instadry™ Extra Long Length 6 Pack 6pk,N/A,was $7.80,$5.10,$0.85 Each,https://foodlandbalaklava.com.au//lines/tena-pads-instadry-maxi-6s
Foodland Balaklava,2025-05-04 23:59:41,Tena Pads Instadry™ Long Length 8 Pack,N/A,was $7.35,$5.10,$0.64 Each,https://foodlandbalaklava.com.au//lines/tena-pads-instadry-long-8s
Foodland Balaklava,2025-05-04 23:59:41,Tena Pads Instadry™ Standard 10 Pack,N/A,was $7.35,$5.10,$0.51 Each,https://foodlandbalaklava.com.au//lines/tena-pads-instadry-std-10s
Foodland Balaklava,2025-05-04 23:59:41,Tena Pads Maxi Night Extra Long Length 14 Pack 14pk,N/A,was $12.50,$11.00,$0.79 Each,https://foodlandbalaklava.com.au//lines/tena-pads-day-night-14s
Foodland Balaklava,2025-05-04 23:59:41,Tena Pads Mini Plus Long Length 16 Pack,N/A,was $7.35,$6.30,$0.39 Each,https://foodlandbalaklava.com.au//lines/tena-pads-mini-plus-16s
Foodland Balaklava,2025-05-04 23:59:41,Tena Pads Ultra Thin Mini 20 Pack,N/A,was $7.35,$6.30,$0.32 Each,https://foodlandbalaklava.com.au//lines/tena-pads-ultra-thin-mini-20s
Foodland Balaklava,2025-05-04 23:59:41,Tena Pants Plus Night Medium (​M) 12 Pack 12pk,N/A,N/A,$25.00,$2.08 Each,https://foodlandbalaklava.com.au//lines/tena-pants-plus-med-night-12pk
Foodland Balaklava,2025-05-04 23:59:41,Tena Regular Lights Sensitive Pads,N/A,N/A,$7.40,$0.53 Each,https://foodlandbalaklava.com.au//lines/tena-pads-lights-sens-reg-14s
Foodland Balaklava,2025-05-04 23:59:41,Tena Sensitive Lights Pads,N/A,N/A,$7.40,$0.46 Each,https://foodlandbalaklava.com.au//lines/tena-pads-lights-sens-mini-16s
Foodland Balaklava,2025-05-04 23:59:41,Tennis Balls,N/A,N/A,$4.50,N/A,https://foodlandbalaklava.com.au//lines/buffalo-tennis-balls-2pk
Foodland Balaklava,2025-05-04 23:59:41,Terry's Chocolate Orange,157g,was $9.45,$8.00,$5.10 per 100g,https://foodlandbalaklava.com.au//lines/terrys-choc-orange-mlk-157gm-1
Foodland Balaklava,2025-05-04 23:59:41,Tetley All Rounder 50s Snap) 6x50,N/A,was $3.60,$2.90,$2.90 per 100g,https://foodlandbalaklava.com.au//lines/tetley-t-bag-all-rounders-50s
Foodland Balaklava,2025-05-04 23:59:41,Tetley Extra Strong Tea Bags,100 x 2g,N/A,$5.20,$2.36 per 100g,https://foodlandbalaklava.com.au//lines/tetley-t-bag-x-strng-s-100-x-2-2g
Foodland Balaklava,2025-05-04 23:59:41,Tetley Green Tea 100s,120g,was $9.45,$9.25,$7.71 per 100g,https://foodlandbalaklava.com.au//lines/tetley-t-bag-green-tea-100s
Foodland Balaklava,2025-05-04 23:59:41,Tetley T/​Bag X Strng s,50 x 2.2g,was $4.10,$3.10,$2.82 per 100g,https://foodlandbalaklava.com.au//lines/tetley-t-bag-x-strng-s-50-x-2-2g
Foodland Balaklava,2025-05-04 23:59:41,Tetley Tea Bags All Rounder 100 Each,N/A,N/A,$5.65,$2.82 per 100g,https://foodlandbalaklava.com.au//lines/tetley-t-bag-all-rounder-100s
Foodland Balaklava,2025-05-04 23:59:41,Tetley Tea Bags Decaf 100 Each,N/A,N/A,$6.90,$3.73 per 100g,https://foodlandbalaklava.com.au//lines/tetley-t-bag-decaffeinated100s
Foodland Balaklava,2025-05-04 23:59:41,Tetley Tea Bags Green Tea Decaf 50 Each,N/A,was $4.70,$3.90,$4.43 per 100g,https://foodlandbalaklava.com.au//lines/tetley-t-bag-green-decaf-50s
Foodland Balaklava,2025-05-04 23:59:41,Tfi Beef Mince 5 Star,500g,N/A,$11.35,$22.70 per kg,https://foodlandbalaklava.com.au//lines/tfi-beef-mince-5-star-500g
Foodland Balaklava,2025-05-04 23:59:41,Thankyou Oraneg & Almond Hand Wash,500mL,was $10.95,$9.25,$1.85 per 100mL,https://foodlandbalaklava.com.au//lines/thankyou-h-wsh-org-alm-500ml-1
Foodland Balaklava,2025-05-04 23:59:41,Thats Life Bumper Puzzle,N/A,N/A,$5.80,N/A,https://foodlandbalaklava.com.au//lines/thats-life-bumper-puzzle
Foodland Balaklava,2025-05-04 23:59:41,That’​S Life Bumper Puzzle Magazine,N/A,N/A,$5.60,N/A,https://foodlandbalaklava.com.au//lines/thats-life-mega-monthly-1
Foodland Balaklava,2025-05-04 23:59:41,That’​S Life Magazine,N/A,N/A,$4.50,N/A,https://foodlandbalaklava.com.au//lines/thats-life-magazine-3
Foodland Balaklava,2025-05-04 23:59:41,The Advertiser,N/A,N/A,$3.00,N/A,https://foodlandbalaklava.com.au//lines/the-advertiser
Foodland Balaklava,2025-05-04 23:59:41,The Advertiser,N/A,N/A,$3.00,N/A,https://foodlandbalaklava.com.au//lines/the-advertiser-1
Foodland Balaklava,2025-05-04 23:59:41,The Advertiser,N/A,N/A,$3.00,N/A,https://foodlandbalaklava.com.au//lines/the-advertiser-2
Foodland Balaklava,2025-05-04 23:59:41,The Advertiser,N/A,N/A,$3.00,N/A,https://foodlandbalaklava.com.au//lines/the-advertiser-3
Foodland Balaklava,2025-05-04 23:59:41,The Advertiser,N/A,N/A,$3.00,N/A,https://foodlandbalaklava.com.au//lines/the-advertiser-4
Foodland Balaklava,2025-05-04 23:59:41,The Advertiser Saturday,N/A,N/A,$4.50,N/A,https://foodlandbalaklava.com.au//lines/the-advertiser-5
Foodland Balaklava,2025-05-04 23:59:41,The Alternative Dairy Company Barista Soy Milk,1L,N/A,$6.20,$6.20 per kg,https://foodlandbalaklava.com.au//lines/adc-barista-almond-milk-1l
Foodland Balaklava,2025-05-04 23:59:41,The Australian,N/A,N/A,$4.50,N/A,https://foodlandbalaklava.com.au//lines/the-australian
Foodland Balaklava,2025-05-04 23:59:41,The Australian,N/A,N/A,$4.50,N/A,https://foodlandbalaklava.com.au//lines/the-australian-1
Foodland Balaklava,2025-05-04 23:59:41,The Australian,N/A,N/A,$4.50,N/A,https://foodlandbalaklava.com.au//lines/the-australian-2
Foodland Balaklava,2025-05-04 23:59:41,The Australian,N/A,N/A,$4.50,N/A,https://foodlandbalaklava.com.au//lines/the-australian-3
Foodland Balaklava,2025-05-04 23:59:43,The Australian,N/A,N/A,$5.50,N/A,https://foodlandbalaklava.com.au//lines/the-australian-4
Foodland Balaklava,2025-05-04 23:59:43,The Australian,N/A,N/A,$4.50,N/A,https://foodlandbalaklava.com.au//lines/the-australian-5
Foodland Balaklava,2025-05-04 23:59:43,The Bar Counter High Protein Bar Dark Chocolate Almond,40g,N/A,$4.25,$10.62 per 100g,https://foodlandbalaklava.com.au//lines/bar-count-drk-choc-almond-40g
Foodland Balaklava,2025-05-04 23:59:43,The Bar Counter High Protein Bar Raspberry Truffle,40g,N/A,$4.25,$10.62 per 100g,https://foodlandbalaklava.com.au//lines/bar-count-rasp-truffle-40g
Foodland Balaklava,2025-05-04 23:59:43,The Bar Counter Indulge Soft Salted Caramel Enriched With Exquisitely Crunchy Chocolate,40g,N/A,$4.25,$10.62 per 100g,https://foodlandbalaklava.com.au//lines/bar-count-salt-cml-choc-40g
Foodland Balaklava,2025-05-04 23:59:43,The Big Cheese Mac 'N' Cheese Xl Bowl,105g,was $3.70,$3.00,$2.86 per 100g,https://foodlandbalaklava.com.au//lines/the-big-chs-ndl-mac-chse-105gm
Foodland Balaklava,2025-05-04 23:59:43,The Bunyip,N/A,N/A,$3.50,N/A,https://foodlandbalaklava.com.au//lines/the-bunyip
Foodland Balaklava,2025-05-04 23:59:43,The Buzz Fly Paper,N/A,N/A,$7.50,$0.94 Each,https://foodlandbalaklava.com.au//lines/buzz-fly-paper-8pk-yellow
Foodland Balaklava,2025-05-04 23:59:43,The Carob Kitchen Carob Mint Bar,80g,N/A,$9.50,$11.88 per 100g,https://foodlandbalaklava.com.au//lines/carob-kitch-c-nut-block-80g-1
Foodland Balaklava,2025-05-04 23:59:43,The Cobbler Co Black Shoe Polish,38g,N/A,$4.75,$12.50 per 100g,https://foodlandbalaklava.com.au//lines/cobbler-co-polish-blk-38gm
Foodland Balaklava,2025-05-04 23:59:43,The Cobbler Co Neutral Dubbin,80g,N/A,$5.00,$6.25 per 100g,https://foodlandbalaklava.com.au//lines/cobbler-co-dubbin-neut-80gm
Foodland Balaklava,2025-05-04 23:59:43,The Cobbler Company Black Liquid Shoe Polish,75mL,N/A,$5.80,$7.73 per 100mL,https://foodlandbalaklava.com.au//lines/cobbler-co-polish-liq-blk-75ml
Foodland Balaklava,2025-05-04 23:59:43,The Cobbler Company Black Shoe Laces,N/A,N/A,$2.45,$1.22 Each,https://foodlandbalaklava.com.au//lines/cobbler-co-lace-black-2pk
Foodland Balaklava,2025-05-04 23:59:43,The Cobbler Company Kids Scuff Black Shoe Polish,75mL,N/A,$4.15,$5.53 per 100mL,https://foodlandbalaklava.com.au//lines/cobbler-co-polish-kid-blk-75ml
Foodland Balaklava,2025-05-04 23:59:43,The Cobbler Company Liquid Brown Shoe Polish,75mL,N/A,$5.80,$7.73 per 100mL,https://foodlandbalaklava.com.au//lines/cobbler-co-polish-liq-brwn75ml
Foodland Balaklava,2025-05-04 23:59:43,The Cobbler Company Neutral Shoe Polish,38g,N/A,$4.75,$12.50 per 100g,https://foodlandbalaklava.com.au//lines/cobbler-co-polish-neutral-38gm
Foodland Balaklava,2025-05-04 23:59:43,The Cobbler Company Shoe Shine Sponge,6mL,was $6.85,$6.50,$108.33 per 100mL,https://foodlandbalaklava.com.au//lines/cobbler-co-polish-spge-blk-6ml
Foodland Balaklava,2025-05-04 23:59:43,The Collective Protein Kefir,700mL,was $5.70,$5.65,$0.81 per 100mL,https://foodlandbalaklava.com.au//lines/the-collective-van-kefir-700ml
Foodland Balaklava,2025-05-04 23:59:43,The Cookhouse BBQ Pulled Pork,400g,was $16.90,$15.40,$38.50 per kg,https://foodlandbalaklava.com.au//lines/cookhouse-p-pork-barbecue-400g
Foodland Balaklava,2025-05-04 23:59:43,The Cookhouse Sweet Spicy BBQ Pork Ribs,600g,N/A,$15.00,$25.00 per kg,https://foodlandbalaklava.com.au//lines/cookhouse-pork-ribs-swt-spcy-600g
Foodland Balaklava,2025-05-04 23:59:43,The Country Chef Petite Pavlovas 9pk,N/A,N/A,$7.15,$5.96 per 100g,https://foodlandbalaklava.com.au//lines/c-chef-pavlova-petite-9pk
Foodland Balaklava,2025-05-04 23:59:43,The Dutch Company Speculaas,450g,N/A,$5.50,$1.22 per 100g,https://foodlandbalaklava.com.au//lines/dutch-co-spice-cookies-450g
Foodland Balaklava,2025-05-04 23:59:43,The Good Raspberry Sparkling Raspberry Fruit Juice,330mL,N/A,$3.90,$1.18 per 100mL,https://foodlandbalaklava.com.au//lines/good-drnk-raspberry-330ml
Foodland Balaklava,2025-05-04 23:59:43,The Happy Cake Co Chocolate Cake,450g,N/A,$11.55,$2.57 per 100g,https://foodlandbalaklava.com.au//lines/happy-cke-cake-chocolate-450gm
Foodland Balaklava,2025-05-04 23:59:43,The Happy Cake Co Red Velvet Cake,450g,N/A,$11.55,$2.57 per 100g,https://foodlandbalaklava.com.au//lines/happy-cke-cake-red-velvet450gm
Foodland Balaklava,2025-05-04 23:59:43,The Happy Snack Co Chickpeas Dark Choc & Raspberry,5 x 20g,N/A,$6.80,$6.80 per 100g,https://foodlandbalaklava.com.au//lines/h-snk-chickpeas-dk-chc-rasp-100g
Foodland Balaklava,2025-05-04 23:59:43,The Juice Guys Mean Green Smoothie,350mL,N/A,$4.50,$1.29 per 100mL,https://foodlandbalaklava.com.au//lines/the-juice-guys-mean-green-350ml
Foodland Balaklava,2025-05-04 23:59:43,The Juice Guys Orange & Mango Smoothie,350mL,N/A,$4.50,$1.29 per 100mL,https://foodlandbalaklava.com.au//lines/the-juice-guys-ravishing-red-350ml
Foodland Balaklava,2025-05-04 23:59:43,The Juice Guys Orange Pass,350mL,N/A,$4.50,$1.29 per 100mL,https://foodlandbalaklava.com.au//lines/the-juice-guys-orange-pass-350ml
Foodland Balaklava,2025-05-04 23:59:43,The Land,N/A,N/A,$5.50,N/A,https://foodlandbalaklava.com.au//lines/the-land
Foodland Balaklava,2025-05-04 23:59:43,The Laughing Cow Cheese Cheez Dippers,140g,N/A,$6.85,$48.93 per kg,https://foodlandbalaklava.com.au//lines/bel-cheez-dippers-140gm
Foodland Balaklava,2025-05-04 23:59:43,The Laughing Cow Cheese Spread Light,128g,was $5.25,$4.10,$32.03 per kg,https://foodlandbalaklava.com.au//lines/bel-laughing-cow-light-chse-sprd128g
Foodland Balaklava,2025-05-04 23:59:43,The Laughing Cow Cheese Wedges Original,128g,was $5.25,$4.10,$32.03 per kg,https://foodlandbalaklava.com.au//lines/bel-laughing-cow-chs-sprd128gm
Foodland Balaklava,2025-05-04 23:59:43,The Leader,N/A,N/A,$3.00,N/A,https://foodlandbalaklava.com.au//lines/the-leader
Foodland Balaklava,2025-05-04 23:59:43,The Man Shake Fuel High Protein Ready To Drink Shake Chocolate,375mL,was $5.60,$4.50,$1.20 per 100g,https://foodlandbalaklava.com.au//lines/the-man-fuel-chocolate-375ml-1
Foodland Balaklava,2025-05-04 23:59:43,The Man Shake Fuel High Protein Ready To Drink Shake Iced Coffee,375mL,was $5.60,$4.50,$1.20 per 100g,https://foodlandbalaklava.com.au//lines/the-man-fuel-iced-coffee-375ml
Foodland Balaklava,2025-05-04 23:59:43,The Natural Confectionery Co. 50% Less Sugar Berry Wave Lollies,130g,was $5.25,$4.65,$3.58 per 100g,https://foodlandbalaklava.com.au//lines/nat-conf-berry-50-l-sug-130g
Foodland Balaklava,2025-05-04 23:59:43,The Natural Confectionery Co. Berry Bliss,180g,N/A,$5.25,$2.92 per 100g,https://foodlandbalaklava.com.au//lines/tncc-berry-bliss-180g
Foodland Balaklava,2025-05-04 23:59:43,The Natural Confectionery Co. Dinosaurs Lollies,220g,was $5.25,$4.65,$2.11 per 100g,https://foodlandbalaklava.com.au//lines/nat-conf-dinosaurs-220gm
Foodland Balaklava,2025-05-04 23:59:43,The Natural Confectionery Co. Fruity Chews Lollies,180g,was $5.25,$4.65,$2.58 per 100g,https://foodlandbalaklava.com.au//lines/nat-conf-chews-fruity-180gm
Foodland Balaklava,2025-05-04 23:59:43,The Natural Confectionery Co. Fruity Chews Lollies,350g,N/A,$5.50,$1.57 per 100g,https://foodlandbalaklava.com.au//lines/nat-conf-chews-fruity-350gm
Foodland Balaklava,2025-05-04 23:59:43,The Natural Confectionery Co. Snakes,440g,N/A,$5.50,$1.25 per 100g,https://foodlandbalaklava.com.au//lines/nat-conf-snakes-440gm
Foodland Balaklava,2025-05-04 23:59:43,The Natural Confectionery Co. Sour Squirms Lollies,220g,was $5.25,$4.65,$2.11 per 100g,https://foodlandbalaklava.com.au//lines/nat-conf-sour-squirms-220gm
Foodland Balaklava,2025-05-04 23:59:43,The Natural Confectionery Co. Vegan Fruities Lollies,180g,was $5.25,$4.65,$2.58 per 100g,https://foodlandbalaklava.com.au//lines/nat-conf-frt-mix-vegan-180gm
Foodland Balaklava,2025-05-04 23:59:43,The Organic Milk Co. Melt'n Bake,250g,N/A,$7.00,$2.80 per 100g,https://foodlandbalaklava.com.au//lines/the-organic-milk-co-melt-n-bake-250g
Foodland Balaklava,2025-05-04 23:59:43,The Paw Grocer Freeze Dried Salmon Belly,90g,N/A,$13.65,$15.17 per 100g,https://foodlandbalaklava.com.au//lines/paw-grocer-belly-salmon-90gm
Foodland Balaklava,2025-05-04 23:59:43,The Yoghurt Shop Triple Belgian Chocolate Greek Yoghurt,170g,N/A,$5.25,$3.09 per 100g,https://foodlandbalaklava.com.au//lines/y-shop-ygt-grk-trpl-choc-170gm
Foodland Balaklava,2025-05-04 23:59:43,Thins Onion Rings,85g,was $5.25,$3.50,$4.12 per 100g,https://foodlandbalaklava.com.au//lines/thins-on-rings-rst-onion-85gm
Foodland Balaklava,2025-05-04 23:59:44,Thins Salt & Vinegar Onion Rings,85g,was $5.25,$3.50,$4.12 per 100g,https://foodlandbalaklava.com.au//lines/thins-on-rings-slt-vin-85g
Foodland Balaklava,2025-05-04 23:59:44,Thomas Cappa Skinless Basa Fillets,2kg,was $11.99,$9.80,$9.80 per kg,https://foodlandbalaklava.com.au//lines/thomas-cappo-seafoods-basa-fillet-1kg
Foodland Balaklava,2025-05-04 23:59:44,Thomas Cappo Cooked Prawn Cutlets (​Tail On),1kg,N/A,$37.27,N/A,https://foodlandbalaklava.com.au//lines/cooked-prawn-cutlet-tail-on-1kg
Foodland Balaklava,2025-05-04 23:59:44,Thomas Cappo Raw Prawn Meat,500g,was $21.00,$15.90,$31.80 per kg,https://foodlandbalaklava.com.au//lines/thomas-cappo-raw-prawn-meat-500gm
Foodland Balaklava,2025-05-04 23:59:44,Thomas Cappo S&​P Squid,500g,was $12.00,$11.85,$2.37 per 100g,https://foodlandbalaklava.com.au//lines/tc-salt-pepper-squid-500g
Foodland Balaklava,2025-05-04 23:59:44,Thomas Cappo Seafood Crumbed Squid,500g,N/A,$10.50,$2.10 per 100g,https://foodlandbalaklava.com.au//lines/thomas-cappo-l-crumb-squid-rings-500g
Foodland Balaklava,2025-05-04 23:59:44,Thomas Cappo Seafoods Cooked & Peeled Prawns,500g,N/A,$18.99,$37.98 per kg,https://foodlandbalaklava.com.au//lines/t-cappo-ckd-peel-prawn-meat-90-120-500g
Foodland Balaklava,2025-05-04 23:59:44,Thomas Cappo Seafoods Raw Prawn Meat,1kg,N/A,$38.00,$38.00 per kg,https://foodlandbalaklava.com.au//lines/thomas-cappo-raw-prawn-meat-1kg
Foodland Balaklava,2025-05-04 23:59:44,Thomas Cappo Whiting Crumbed,1kg,was $16.99,$14.50,$14.50 per kg,https://foodlandbalaklava.com.au//lines/thomas-cappo-whiting-crumbed-1kg
Foodland Balaklava,2025-05-04 23:59:44,Thomas Cappo Whiting Skin On,1kg,N/A,$17.00,$17.00 per kg,https://foodlandbalaklava.com.au//lines/thomas-cappo-whiting-skin-on-1kg
Foodland Balaklava,2025-05-04 23:59:44,Thongs Adult Ladies & Mens*,N/A,N/A,$5.00,N/A,https://foodlandbalaklava.com.au//lines/thongs-adult-ladies-mens-1
Foodland Balaklava,2025-05-04 23:59:44,Three Threes Country Style Apple Sauce,250g,N/A,$3.39,$1.36 per 100g,https://foodlandbalaklava.com.au//lines/333-s-sce-apple-c-style-250g
Foodland Balaklava,2025-05-04 23:59:44,Three Threes Family Recipe BBQ Rib Sauce,275mL,N/A,$3.59,$1.31 per 100mL,https://foodlandbalaklava.com.au//lines/333-s-f-recpe-bbq-rib-sce-275m
Foodland Balaklava,2025-05-04 23:59:44,Three Threes Family Recipe Tomato Sauce,275mL,N/A,$3.59,$1.31 per 100mL,https://foodlandbalaklava.com.au//lines/333-s-f-recpe-tom-sce-275ml
Foodland Balaklava,2025-05-04 23:59:44,Three Threes Mightymite Gluten Free Yeast Spread,290g,was $3.50,$2.35,$0.81 per 100g,https://foodlandbalaklava.com.au//lines/333-s-mighty-mite-290gm
Foodland Balaklava,2025-05-04 23:59:44,Three Threes Mint Jelly,300g,was $3.25,$2.60,$0.87 per 100g,https://foodlandbalaklava.com.au//lines/333-s-mint-jelly-300gm
Foodland Balaklava,2025-05-04 23:59:44,Three Threes Old Style Pickled Onions,500g,was $5.35,$4.75,$9.50 per kg,https://foodlandbalaklava.com.au//lines/333-s-onions-trad-old-sty500gm
Foodland Balaklava,2025-05-04 23:59:44,Three Threes Peppered Pickled Onions,N/A,N/A,$5.35,$10.70 per kg,https://foodlandbalaklava.com.au//lines/333-s-onion-pckld-pepperd500gm
Foodland Balaklava,2025-05-04 23:59:44,Three Threes Stuffed Olives,250g,N/A,$3.50,$14.00 per kg,https://foodlandbalaklava.com.au//lines/333-s-olives-grn-stffd-250gm
Foodland Balaklava,2025-05-04 23:59:44,Three Threes Stuffed Olives,500g,N/A,$5.25,$10.50 per kg,https://foodlandbalaklava.com.au//lines/333-s-olives-stuffed-500gm
Foodland Balaklava,2025-05-04 23:59:44,Three Threes Sweet Mustard Pickles,250g,N/A,$2.35,$0.94 per 100g,https://foodlandbalaklava.com.au//lines/333-s-mustard-pickles-250gm
Foodland Balaklava,2025-05-04 23:59:44,Three Threes Sweet Spiced Gherkins,260g,N/A,$3.15,$12.12 per kg,https://foodlandbalaklava.com.au//lines/333-s-gherkins-swt-spiced260gm
Foodland Balaklava,2025-05-04 23:59:44,Three Threes Sweet Spiced Gherkins,540g,was $4.20,$3.60,$0.67 per 100g,https://foodlandbalaklava.com.au//lines/333-s-gherkins-swt-spiced540gm
Foodland Balaklava,2025-05-04 23:59:44,Throw Baby Crl Flc Shrp Back,N/A,was $13.00,$12.00,N/A,https://foodlandbalaklava.com.au//lines/throw-baby-crl-flc-shrp-back
Foodland Balaklava,2025-05-04 23:59:44,Throw Polar Fleece,N/A,was $8.00,$7.00,N/A,https://foodlandbalaklava.com.au//lines/throw-polar-fleece
Foodland Balaklava,2025-05-04 23:59:44,Tic Tac Fruit Adventure Mints,24g,N/A,$2.40,$10.00 per 100g,https://foodlandbalaklava.com.au//lines/tic-tac-frt-adventure-t50-24gm
Foodland Balaklava,2025-05-04 23:59:44,Tic Tac Orange Mints,24g,N/A,$2.40,$10.00 per 100g,https://foodlandbalaklava.com.au//lines/tic-tac-orange-t50-24gm
Foodland Balaklava,2025-05-04 23:59:44,Tic Tac Orange Mints,49g,N/A,$3.20,$6.53 per 100g,https://foodlandbalaklava.com.au//lines/tic-tac-orange-big-box-49gm
Foodland Balaklava,2025-05-04 23:59:44,Tic Tac Peppermint Mints,24g,N/A,$2.40,$10.00 per 100g,https://foodlandbalaklava.com.au//lines/tic-tac-peppermint-t50-24gm
Foodland Balaklava,2025-05-04 23:59:44,Tic Tac Peppermint Mints,49g,N/A,$3.20,$6.53 per 100g,https://foodlandbalaklava.com.au//lines/tic-tac-peppermint-big-box49gm
Foodland Balaklava,2025-05-04 23:59:44,Tiger Balm Red Ointment,18g,was $9.20,$7.70,$42.78 per 100g,https://foodlandbalaklava.com.au//lines/tiger-balm-red-18gm
Foodland Balaklava,2025-05-04 23:59:44,Tiger Prawns Per Kg,N/A,N/A,$37.99,N/A,https://foodlandbalaklava.com.au//lines/tiger-prawns-per-kg-1
Foodland Balaklava,2025-05-04 23:59:44,Tilda Butter & Sea Salt Rice,250g,N/A,$3.95,$1.58 per 100g,https://foodlandbalaklava.com.au//lines/tilda-butter-s-salt-cups-250gm-1
Foodland Balaklava,2025-05-04 23:59:44,Tilda Steamed Basmati Pure,250g,N/A,$3.95,$1.58 per 100g,https://foodlandbalaklava.com.au//lines/tilda-rice-steamed-basma-250gm
Foodland Balaklava,2025-05-04 23:59:44,Time's Up Fast Bait Block 25pk,N/A,N/A,$32.00,$6.40 per 100g,https://foodlandbalaklava.com.au//lines/time-s-up-fast-bait-block-25pk
Foodland Balaklava,2025-05-04 23:59:44,Time's Up Live Catch Mouse Trap,N/A,N/A,$34.00,N/A,https://foodlandbalaklava.com.au//lines/time-s-up-live-catch-mouse-trap
Foodland Balaklava,2025-05-04 23:59:44,Time's Up Mouse Attractant,N/A,N/A,$10.99,$5.50 Each,https://foodlandbalaklava.com.au//lines/time-s-up-mouse-attractant
Foodland Balaklava,2025-05-04 23:59:44,Timer Kitchen Adc,N/A,N/A,$17.85,N/A,https://foodlandbalaklava.com.au//lines/timer-kitchen-adc
Foodland Balaklava,2025-05-04 23:59:44,Time’​S Up Action Bait Pack,N/A,was $9.50,$8.00,$8.00 per 100g,https://foodlandbalaklava.com.au//lines/time-s-up-fast-action-throw-pack-4-x-25g
Foodland Balaklava,2025-05-04 23:59:44,Time’​S Up Fast Action Bait Block,80g,was $9.60,$8.00,$10.00 per 100g,https://foodlandbalaklava.com.au//lines/time-s-up-fast-bait-block-4pk
Foodland Balaklava,2025-05-04 23:59:44,Time’​S Up Heavy Duty Baited Mouse Trap,N/A,was $11.50,$9.20,$4.60 Each,https://foodlandbalaklava.com.au//lines/time-s-up-baited-mouse-traps-2pk-1
Foodland Balaklava,2025-05-04 23:59:44,Time’​S Up Wooden Mouse Trap,N/A,was $4.50,$3.60,$1.80 Each,https://foodlandbalaklava.com.au//lines/time-s-up-wooden-mouse-traps-2pk
Foodland Balaklava,2025-05-04 23:59:44,Tio Tito Mild Salsa With Lime & Sea Salt,370g,N/A,$6.30,$1.70 per 100g,https://foodlandbalaklava.com.au//lines/tio-tito-salsa-mild-lime-370g
Foodland Balaklava,2025-05-04 23:59:44,Tio Tito Smoked Mo-Leh With Black Beans,370g,N/A,$6.30,$1.70 per 100g,https://foodlandbalaklava.com.au//lines/tio-tito-moleh-smk-blk-bn370gm
Foodland Balaklava,2025-05-04 23:59:44,Tip Top Gluten Free Raisin Toast,550g,N/A,$8.20,$1.49 per 100g,https://foodlandbalaklava.com.au//lines/tip-top-cafe-rais-tst-g-f550gm
Foodland Balaklava,2025-05-04 23:59:44,Tiptop Bakery Tip Top Sunblest Soft White Sandwich,650g,was $5.00,$4.10,$0.63 per 100g,https://foodlandbalaklava.com.au//lines/t-top-brd-s-blst-s-wch-c-650gm
Foodland Balaklava,2025-05-04 23:59:44,Tiptop Bakery Tip Top Sunblest Soft Wholemeal Sandwich,650g,was $5.00,$4.10,$0.63 per 100g,https://foodlandbalaklava.com.au//lines/t-top-brd-s-blst-w-meal-650gm
Foodland Balaklava,2025-05-04 23:59:44,Tissue Paper Gld 4pk $​4.​95,N/A,N/A,$4.95,N/A,https://foodlandbalaklava.com.au//lines/tissue-paper-gld-4pk-4-95
Foodland Balaklava,2025-05-04 23:59:45,Tissue Paper Lht Pnk 4pk $​2.​95,N/A,N/A,$2.95,N/A,https://foodlandbalaklava.com.au//lines/tissue-paper-lht-pnk-4pk-2-95
Foodland Balaklava,2025-05-04 23:59:45,Tissue Paper Slvr 4pk $​4.​95,N/A,N/A,$4.95,N/A,https://foodlandbalaklava.com.au//lines/tissue-paper-slvr-4pk-4-95
Foodland Balaklava,2025-05-04 23:59:45,Tissue Paper White 4pk $​2.​95,N/A,N/A,$2.95,N/A,https://foodlandbalaklava.com.au//lines/tissue-paper-white-4pk-2-95
Foodland Balaklava,2025-05-04 23:59:45,Tmg M&​M Minis Cookie,180g,N/A,$5.60,$3.11 per 100g,https://foodlandbalaklava.com.au//lines/tmg-m-m-minis-cookie-180g
Foodland Balaklava,2025-05-04 23:59:45,Tnt Blue Rasp Straps,150g,N/A,$3.50,$2.33 per 100g,https://foodlandbalaklava.com.au//lines/tnt-blue-rasp-straps-150gm
Foodland Balaklava,2025-05-04 23:59:45,Tnt Giant Sour Chew,40g,N/A,$1.50,$3.75 per 100g,https://foodlandbalaklava.com.au//lines/tnt-giant-sour-chews-40gm
Foodland Balaklava,2025-05-04 23:59:45,Tnt Multicolour Sour Straps,150g,N/A,$3.50,$2.33 per 100g,https://foodlandbalaklava.com.au//lines/tnt-sour-straps-150g
Foodland Balaklava,2025-05-04 23:59:45,Tnt Multicolour Sour Straps,57g,N/A,$2.00,$3.51 per 100g,https://foodlandbalaklava.com.au//lines/tnt-sour-straps-m-colour-57g
Foodland Balaklava,2025-05-04 23:59:45,Tnt Sour Chews,150g,N/A,$3.50,$2.33 per 100g,https://foodlandbalaklava.com.au//lines/tnt-sour-chews-bag-150gm
Foodland Balaklava,2025-05-04 23:59:45,Tnt Sour Chews Balls,150g,N/A,$3.90,$2.60 per 100g,https://foodlandbalaklava.com.au//lines/tnt-sour-chews-balls-150gm
Foodland Balaklava,2025-05-04 23:59:45,Tnt Sour Sherbet Fizz Chews,150g,N/A,$3.50,$2.33 per 100g,https://foodlandbalaklava.com.au//lines/tnt-sour-sherbet-fizz-chews-150g
Foodland Balaklava,2025-05-04 23:59:45,Tnt Sour Woimz,140g,N/A,$3.50,$2.50 per 100g,https://foodlandbalaklava.com.au//lines/tnt-sour-woimz-140g
Foodland Balaklava,2025-05-04 23:59:45,Tnt Strawberry Straps,150g,N/A,$3.50,$2.33 per 100g,https://foodlandbalaklava.com.au//lines/tnt-strawberry-straps-150gm
Foodland Balaklava,2025-05-04 23:59:45,Toblerone Milk Chocolate Bar,100g,N/A,$5.25,$5.25 per 100g,https://foodlandbalaklava.com.au//lines/toblerone-choc-milk-100gm
Foodland Balaklava,2025-05-04 23:59:45,Toblerone Milk Chocolate Bar,360g,was $18.90,$16.60,$4.61 per 100g,https://foodlandbalaklava.com.au//lines/toblerone-choc-milk-360gm
Foodland Balaklava,2025-05-04 23:59:45,Toblerone Milk Chocolate Bar,50g,N/A,$2.65,$5.30 per 100g,https://foodlandbalaklava.com.au//lines/toblerone-choc-milk-50g
Foodland Balaklava,2025-05-04 23:59:45,Toblerone Milk Chocolate Gift Bag,120g,was $10.50,$9.65,$8.04 per 100g,https://foodlandbalaklava.com.au//lines/toblerone-gift-pouch-120gm
Foodland Balaklava,2025-05-04 23:59:45,Tofu Fried Puffs,220g,was $8.70,$8.25,$3.75 per 100g,https://foodlandbalaklava.com.au//lines/tofu-fried-puffs-220g
Foodland Balaklava,2025-05-04 23:59:45,Tofu Pure Organic,500g,was $12.80,$11.85,$2.37 per 100g,https://foodlandbalaklava.com.au//lines/tofu-pure-organic-500g
Foodland Balaklava,2025-05-04 23:59:45,Tofutti Better Than Cream Cheese Imitation Cream Cheese Plain Non-Hydrogenated,N/A,N/A,$8.20,$3.61 per 100g,https://foodlandbalaklava.com.au//lines/tofutti-plain-cheese-227g-2
Foodland Balaklava,2025-05-04 23:59:45,Tofutti Milk Free Sour Cream,N/A,N/A,$8.00,$2.35 per 100g,https://foodlandbalaklava.com.au//lines/tofutti-sour-cream-340g-1
Foodland Balaklava,2025-05-04 23:59:45,Tom Organic 16 Regular Organic Cotton Tampons,N/A,was $7.15,$6.70,$0.42 Each,https://foodlandbalaklava.com.au//lines/tom-org-tampons-reg-16pk
Foodland Balaklava,2025-05-04 23:59:45,Tom Organic Ultra Thin Liners With Organic Cotton 26 Pack,N/A,N/A,$7.15,$0.28 Each,https://foodlandbalaklava.com.au//lines/tom-org-u-thin-liners-wrp-26pk
Foodland Balaklava,2025-05-04 23:59:45,Tom Organic Ultra Thin Super Pads With Wings 10 Pack,N/A,was $7.15,$6.70,$0.67 Each,https://foodlandbalaklava.com.au//lines/tom-org-u-thin-pads-super-10pk
Foodland Balaklava,2025-05-04 23:59:45,Tom Piper™ Savoury Mince & Vegetables,400g,N/A,$3.60,$0.90 per 100g,https://foodlandbalaklava.com.au//lines/tom-p-savoury-mince-veg-400gm
Foodland Balaklava,2025-05-04 23:59:45,Tomato Medley,250g,N/A,$4.20,N/A,https://foodlandbalaklava.com.au//lines/tomato-medley-punnet-250g-1
Foodland Balaklava,2025-05-04 23:59:45,Tomato Sauce Squeeze Portion,14g,N/A,$0.20,N/A,https://foodlandbalaklava.com.au//lines/tomato-sauce-squeeze-portion-14gm
Foodland Balaklava,2025-05-04 23:59:45,Tomatoes Box,10kg,N/A,$26.00,"$2,600.00 per kg",https://foodlandbalaklava.com.au//lines/tomatoes-10kg-box-1
Foodland Balaklava,2025-05-04 23:59:45,Tomatoes Cherry Truss,225g,N/A,$6.30,$28.00 per kg,https://foodlandbalaklava.com.au//lines/tomatoes-cherry-truss-225g
Foodland Balaklava,2025-05-04 23:59:45,Tomatoes Mini Roma,250g,N/A,$4.29,$21.45 per kg,https://foodlandbalaklava.com.au//lines/tomatoes-mini-roma-200gm
Foodland Balaklava,2025-05-04 23:59:45,Tomatoes Pre Pack,1kg,N/A,$5.50,N/A,https://foodlandbalaklava.com.au//lines/tomatoes-pre-pack-1kg-3
Foodland Balaklava,2025-05-04 23:59:45,"Tommee Tippee Big Kids Stainless Steel First Cutlery Set, Rounded Edges, Chunky Handles, +",12m,N/A,$10.70,N/A,https://foodlandbalaklava.com.au//lines/explora-set-first-cutlery-1
Foodland Balaklava,2025-05-04 23:59:45,"Tommee Tippee Cherry Latex Soother, 0-6 Months, Pack Of 2 Soothers With 100% Natural Latex Baglet",N/A,N/A,$10.50,$5.25 Each,https://foodlandbalaklava.com.au//lines/t-tip-soother-chy-ltx-0-6m-2s
Foodland Balaklava,2025-05-04 23:59:45,"Tommee Tippee Collapsible Silicone Snack Pot With Spill-Proof Lid, Perfect For Baby Weaning, Food Grade Silicone, Dishwasher And Steriliser Safe, Asso",N/A,N/A,$13.65,N/A,https://foodlandbalaklava.com.au//lines/t-tip-snk-pot-collapsible-1pk
Foodland Balaklava,2025-05-04 23:59:45,"Tommee Tippee Easistick Silicone Suction Bowl And Spoon, Perfect Weaning Set For Toddler, Food Grade Silicone, Dishwasher And Steriliser Safe, Assorte",N/A,N/A,$15.00,N/A,https://foodlandbalaklava.com.au//lines/t-tip-bowl-spoon-silcne-1pk
Foodland Balaklava,2025-05-04 23:59:45,"Tommee Tippee Fresh Food Feeder, Silicone Teat For Fresh Fruit, Ideal For Weaning, Easy-Hold Handle, Soothes Sore Gums, Dishwasher And Steriliser Safe",N/A,N/A,$13.65,N/A,https://foodlandbalaklava.com.au//lines/t-tip-fresh-food-feeder-1pk
Foodland Balaklava,2025-05-04 23:59:45,"Tommee Tippee Fun Soother, 18-36 Months, 2 Pack, Bpa Free, Reusable Steriliser Pod",2 x 18m,N/A,$12.60,N/A,https://foodlandbalaklava.com.au//lines/t-tip-clsr-fun-sther-2x18-36m
Foodland Balaklava,2025-05-04 23:59:45,"Tommee Tippee Fun Soother, 6-18 Months, 2 Pack, Bpa Free, Reusable Steriliser Pod",2 x 6m,N/A,$12.60,N/A,https://foodlandbalaklava.com.au//lines/t-tip-sthr-fun-6-18m-2pk
Foodland Balaklava,2025-05-04 23:59:45,Tommee Tippee Narrow Neck Fast Flow Teats X 2,N/A,N/A,$9.56,N/A,https://foodlandbalaklava.com.au//lines/t-tip-teat-stnd-neck-fast-2pk
Foodland Balaklava,2025-05-04 23:59:45,"Tommee Tippee Natural Start Baby Bottle Teats, Medium Flow, 3+ Months, Breast-Like For A Natural Latch, Anti-Colic Valve, Soft Silicone, Pack Of 2",N/A,N/A,$11.50,$5.75 Each,https://foodlandbalaklava.com.au//lines/t-tip-bottle-teat-m-flw-2-x-3m
Foodland Balaklava,2025-05-04 23:59:45,"Tommee Tippee Nighttime Soother, 0-6 Months, 2 Pack Of Glow In The Dark Soothers With Reusable Steriliser Pod",N/A,N/A,$12.60,$6.30 Each,https://foodlandbalaklava.com.au//lines/closer-to-nat-sthr-n-t-0-6m2pk
Foodland Balaklava,2025-05-04 23:59:45,"Tommee Tippee Nighttime Soother, 18-36 Months, 2 Pack Of Glow In The Dark Soothers With Reusable Steriliser Pod",2 x 18m,N/A,$12.60,$6.30 Each,https://foodlandbalaklava.com.au//lines/t-tip-clsr-nght-sthr-2x18-36m
Foodland Balaklava,2025-05-04 23:59:45,"Tommee Tippee Nighttime Soother, 6-18 Months, 2 Pack Of Glow In The Dark Soothers With Reusable Steriliser Pod",2 x 6m,N/A,$12.60,$6.30 Each,https://foodlandbalaklava.com.au//lines/closer-to-nat-sthr-n-t6-18m2pk
Foodland Balaklava,2025-05-04 23:59:45,"Tommee Tippee Novelty Hood Bottle, 6m+​,",250mL,N/A,$7.35,N/A,https://foodlandbalaklava.com.au//lines/tommee-t-bottle-nov-hood-250ml
Foodland Balaklava,2025-05-04 23:59:45,"Tommee Tippee Silicone Plate, Perfect Weaning Set For Toddler, Food Grade Silicone, Suction Base, Dishwasher And Steriliser Safe, Assorted Colours",N/A,N/A,$13.65,N/A,https://foodlandbalaklava.com.au//lines/t-tip-plate-silicone-1pk
Foodland Balaklava,2025-05-04 23:59:45,"Tommee Tippee Softeechew Teething Toy, 3 Months +​, Soothes Gums And Aids Sensory Development, Bpa Free",N/A,N/A,$10.50,N/A,https://foodlandbalaklava.com.au//lines/t-tip-teether-sft-chew-3m-1pk
Foodland Balaklava,2025-05-04 23:59:45,"Tommee Tippee Superstar Sportee Water Bottle For Toddlers With Intellivalve Leak And Shake-Proof Technology And Bacshield Antibacterial Technology, 12",N/A,N/A,$12.60,N/A,https://foodlandbalaklava.com.au//lines/t-tip-cup-sportee-390ml
Foodland Balaklava,2025-05-04 23:59:45,"Tommee Tippee Ultra-Light Soothers, 6-18 Months, 2 Pack Of One Piece Silicone, Bpa Free Soothers",2 x 6m,N/A,$14.70,$7.35 Each,https://foodlandbalaklava.com.au//lines/t-tippee-sil-soother-6-18m-2pk
Foodland Balaklava,2025-05-04 23:59:46,Too Tito Hot Chilli Salsa,370g,N/A,$6.30,$1.70 per 100g,https://foodlandbalaklava.com.au//lines/tio-tito-salsa-hot-chili-370g
Foodland Balaklava,2025-05-04 23:59:46,Toothpick & Holder 200pk,N/A,N/A,$2.40,N/A,https://foodlandbalaklava.com.au//lines/f-guru-t-pick-holder-200pk
Foodland Balaklava,2025-05-04 23:59:46,Top Up Engine Coolant,5L,N/A,$9.35,N/A,https://foodlandbalaklava.com.au//lines/top-up-engine-coolant-5ltr
Foodland Balaklava,2025-05-04 23:59:46,Toscano Belgian Waffles 4 Pack,N/A,N/A,$8.95,$2.49 per 100g,https://foodlandbalaklava.com.au//lines/toscano-traditional-waffles-4pk-360gm
Foodland Balaklava,2025-05-04 23:59:46,Toscano Mini Hot Dog Brioche Buns,270g,N/A,$6.75,$2.50 per 100g,https://foodlandbalaklava.com.au//lines/toscano-brioche-mini-hot-dog-6pk
Foodland Balaklava,2025-05-04 23:59:46,Tostitos Corn Chip Lime,175g,was $5.45,$4.80,$2.74 per 100g,https://foodlandbalaklava.com.au//lines/tostitos-tort-chp-lime-175gm
Foodland Balaklava,2025-05-04 23:59:46,Tostitos Mexican-Style Corn Tortilla Chips Share Pack Lightly Salted,175g,was $5.45,$4.80,$2.74 per 100g,https://foodlandbalaklava.com.au//lines/tostitos-tort-chp-lgt-slt175gm
Foodland Balaklava,2025-05-04 23:59:46,Tostitos Restaurant Style Mild Mexican Salsa,165g,was $5.45,$4.80,$2.91 per 100g,https://foodlandbalaklava.com.au//lines/tostitos-tort-chp-mex-sal165gm
Foodland Balaklava,2025-05-04 23:59:46,Tostitos Restaurant Style Smoked Chipotle & Sour Cream,165g,was $5.45,$4.80,$2.91 per 100g,https://foodlandbalaklava.com.au//lines/tostitos-tort-chp-chp-s-c165gm
Foodland Balaklava,2025-05-04 23:59:46,Total Girl Magazine,N/A,N/A,$9.99,N/A,https://foodlandbalaklava.com.au//lines/total-girl-1
Foodland Balaklava,2025-05-04 23:59:46,Toy Pack Mixed,N/A,N/A,$5.00,N/A,https://foodlandbalaklava.com.au//lines/toy-pack-mixed
Foodland Balaklava,2025-05-04 23:59:46,Transporter Truck With Vehicle,N/A,N/A,$20.00,N/A,https://foodlandbalaklava.com.au//lines/transporter-truck-with-vehicle
Foodland Balaklava,2025-05-04 23:59:46,Travacalm Ginger 10 Tablets,N/A,N/A,$5.80,$58.00 per 100mL,https://foodlandbalaklava.com.au//lines/travacalm-natural-10s
Foodland Balaklava,2025-05-04 23:59:46,Travel Bottle Set,N/A,N/A,$9.95,N/A,https://foodlandbalaklava.com.au//lines/travel-bottle-set
Foodland Balaklava,2025-05-04 23:59:46,Travel Soap Box,N/A,N/A,$2.95,N/A,https://foodlandbalaklava.com.au//lines/travel-soap-box
Foodland Balaklava,2025-05-04 23:59:46,Tresemme Conditioner For 24-Hour Body Volume & Fullness With Multi-Vitamins And Coconut Oil,940mL,N/A,$16.00,$1.70 per 100mL,https://foodlandbalaklava.com.au//lines/tresemme-cond-vol-f-ness-940ml
Foodland Balaklava,2025-05-04 23:59:46,Tresemme Conditioner For Dry And Damaged Hair Moisture Rich With Vitamin E And Jojoba Oil,940mL,N/A,$16.00,$1.70 per 100mL,https://foodlandbalaklava.com.au//lines/tresemme-cond-moist-rich-940ml
Foodland Balaklava,2025-05-04 23:59:46,"Tresemme Conditioner For Dry, Frizz-Prone Hair Smooth & Silky With Sunflower Seed Oil And Vitamin A",940mL,N/A,$16.00,$1.70 per 100mL,https://foodlandbalaklava.com.au//lines/tresemme-cond-smth-silk-940ml
Foodland Balaklava,2025-05-04 23:59:46,Tresemme Conditioner Nourishes And Replenishes Oily Hair Cleanse & Replenish,940mL,N/A,$16.00,$1.70 per 100mL,https://foodlandbalaklava.com.au//lines/tresemme-cond-cln-replen-940ml
Foodland Balaklava,2025-05-04 23:59:46,Tresemme H/​Spry Extra Hld#​75gm,N/A,N/A,$4.75,$6.33 per 100g,https://foodlandbalaklava.com.au//lines/tresemme-h-spry-extra-hld-75gm-1
Foodland Balaklava,2025-05-04 23:59:46,Tresemme H/​Spry Xtra Hld#​360gm,N/A,was $9.45,$7.00,$1.94 per 100g,https://foodlandbalaklava.com.au//lines/tresemme-h-spry-xtra-hld-360gm-1
Foodland Balaklava,2025-05-04 23:59:46,Tresemme Hairspray Freeze Hold,360g,was $9.45,$7.00,$1.94 per 100g,https://foodlandbalaklava.com.au//lines/tresemme-h-spry-frez-hld-360gm
Foodland Balaklava,2025-05-04 23:59:46,Tresemme Shampoo For 24-Hour Body Volume & Fullness With Multi-Vitamins And Coconut Oil,940mL,N/A,$16.00,$1.70 per 100mL,https://foodlandbalaklava.com.au//lines/tresemme-s-poo-vol-f-ness940ml
Foodland Balaklava,2025-05-04 23:59:46,Tresemme Shampoo For Dry And Damaged Hair Moisture Rich With Vitamin E And Jojoba Oil,940mL,N/A,$16.00,$1.70 per 100mL,https://foodlandbalaklava.com.au//lines/tresemme-s-poo-moist-rich940ml
Foodland Balaklava,2025-05-04 23:59:46,Tresemme Shampoo Nourishes And Replenishes Oily Hair Cleanse & Replenish With Multi-Vitamins And Grape Seed Oil,940mL,N/A,$16.00,$1.70 per 100mL,https://foodlandbalaklava.com.au//lines/tresemme-s-poo-cln-replen940ml
Foodland Balaklava,2025-05-04 23:59:46,Tresemme Tresemmé Conditioner For Smooth Hair Without The Frizz Keratin Smooth Detangles Dry Hair,500mL,N/A,$15.00,$3.00 per 100mL,https://foodlandbalaklava.com.au//lines/tresemme-cond-krtn-smth-500ml
Foodland Balaklava,2025-05-04 23:59:46,Tresemme Tresemmé Hair Serum Hair Care For Smooth Hair Without The Frizz Keratin Smooth Tames Flyaways And Adds Shine,100mL,N/A,$20.00,$20.00 per 100mL,https://foodlandbalaklava.com.au//lines/tresemme-serum-kerat-smth100ml
Foodland Balaklava,2025-05-04 23:59:46,Tresemme Tresemmé Shampoo For Silky-Soft Hair Without The Frizz Keratin Smooth Nourishes And Smooths Dry Hair,500mL,N/A,$15.00,$3.00 per 100mL,https://foodlandbalaklava.com.au//lines/tresemme-s-poo-krtn-smth-500ml
Foodland Balaklava,2025-05-04 23:59:46,Trident 100% Rice Vermicelli,125g,N/A,$2.20,$1.76 per 100g,https://foodlandbalaklava.com.au//lines/trident-rice-vermicelli-125gm
Foodland Balaklava,2025-05-04 23:59:46,Trident Chicken Sweetcorn Flavour Instant Soup,60g,was $2.95,$2.70,$4.50 per 100g,https://foodlandbalaklava.com.au//lines/trident-soup-ckn-swt-corn-60gm
Foodland Balaklava,2025-05-04 23:59:46,Trident Coconut Milk Premium Quality,400mL,N/A,$2.40,$0.60 per 100mL,https://foodlandbalaklava.com.au//lines/trident-coconut-milk-400ml
Foodland Balaklava,2025-05-04 23:59:46,Trident Dates,250g,was $2.95,$2.65,$10.60 per kg,https://foodlandbalaklava.com.au//lines/trident-dates-250gm
Foodland Balaklava,2025-05-04 23:59:46,Trident Hot & Spicy 2 Minute Noodles,4 x 85g,N/A,$4.75,$1.12 per 100g,https://foodlandbalaklava.com.au//lines/trident-ndle-hot-spcy-4-x-85g
Foodland Balaklava,2025-05-04 23:59:46,Trident Laksa Flavour Thai Noodle Soup Gluten Free),50g,N/A,$1.30,$2.60 per 100mL,https://foodlandbalaklava.com.au//lines/trident-soup-laksa-thai-50gm
Foodland Balaklava,2025-05-04 23:59:46,Trident Laksa Flavoured Instant Soup,60g,was $2.95,$2.70,$4.50 per 100g,https://foodlandbalaklava.com.au//lines/trident-soup-mal-cur-laksa-60g
Foodland Balaklava,2025-05-04 23:59:46,Trident Miso Flavoured Noodle Soup,50g,N/A,$1.30,$2.60 per 100g,https://foodlandbalaklava.com.au//lines/trident-soup-ndl-miso-50gm
Foodland Balaklava,2025-05-04 23:59:46,Trident Sce Srira Ch Xhot210ml,N/A,N/A,$4.65,$2.21 per 100mL,https://foodlandbalaklava.com.au//lines/trident-sce-srira-ch-xhot210ml
Foodland Balaklava,2025-05-04 23:59:46,Trident Singapore Noodles,4 x 85g,N/A,$4.75,$1.12 per 100g,https://foodlandbalaklava.com.au//lines/trident-ndle-singapore-4-x-85g
Foodland Balaklava,2025-05-04 23:59:46,Trident Sweet Chilli Sauce,730mL,N/A,$5.80,$0.79 per 100mL,https://foodlandbalaklava.com.au//lines/trident-sce-swt-chilli-730ml-1
Foodland Balaklava,2025-05-04 23:59:46,Trident Sweet Chilli Sauce With Ginger,285mL,N/A,$4.05,$1.42 per 100mL,https://foodlandbalaklava.com.au//lines/trident-sce-swt-chil-gng-285ml
Foodland Balaklava,2025-05-04 23:59:46,Trident Tai Noodle Soup Tom Yum Goong Flavour,50g,N/A,$1.30,$2.60 per 100mL,https://foodlandbalaklava.com.au//lines/trident-soup-tom-yum-gnog-50gm
Foodland Balaklava,2025-05-04 23:59:46,Trident Thai Noodle Soup Chicken Flavour,50g,N/A,$1.30,$2.60 per 100mL,https://foodlandbalaklava.com.au//lines/trident-soup-chicken-thai-50gm
Foodland Balaklava,2025-05-04 23:59:46,Trident Thai Noodle Soup Hot & Spicy Flavour,50g,N/A,$1.30,$2.60 per 100mL,https://foodlandbalaklava.com.au//lines/trident-soup-hot-spic-50gm
Foodland Balaklava,2025-05-04 23:59:46,Trident Tom Yum Flavoured Instant Soup,60g,was $2.95,$2.70,$4.50 per 100g,https://foodlandbalaklava.com.au//lines/trident-soup-thai-tom-yum-60gm
Foodland Balaklava,2025-05-04 23:59:46,Trill Bird Pellets Lrg,400g,N/A,$5.25,$1.31 per 100g,https://foodlandbalaklava.com.au//lines/trill-bird-pellets-lrg-400g
Foodland Balaklava,2025-05-04 23:59:46,Trill Bird Pellets Sml,400g,N/A,$5.25,$1.31 per 100g,https://foodlandbalaklava.com.au//lines/trill-bird-pellets-sml-400g
Foodland Balaklava,2025-05-04 23:59:46,Trill Bird Treat Honey Sticks Bag,105g,was $4.45,$3.00,$2.86 per 100g,https://foodlandbalaklava.com.au//lines/trill-hny-stk-parrot-3pk-105gm
Foodland Balaklava,2025-05-04 23:59:46,Trill Dry Bird Seed Budgerigar Mi Box,1.8kg,N/A,$6.00,$0.33 per 100g,https://foodlandbalaklava.com.au//lines/trill-budgie-seed-mix-1-8kg
Foodland Balaklava,2025-05-04 23:59:49,Trill Dry Bird Seed Canary & Finch Mix Box,1.8kg,N/A,$6.00,$0.33 per 100g,https://foodlandbalaklava.com.au//lines/trill-canary-finch-mix-1-8kg
Foodland Balaklava,2025-05-04 23:59:49,Trill Dry Bird Seed Cockatiel Mi Box,1.8kg,N/A,$6.00,$0.33 per 100g,https://foodlandbalaklava.com.au//lines/trill-cockatiel-seed-mix-1-8kg
Foodland Balaklava,2025-05-04 23:59:49,Trill Dry Bird Seed Small Parrot Mi Box,1.8kg,N/A,$6.00,$0.33 per 100g,https://foodlandbalaklava.com.au//lines/trill-parrot-seed-mx-sml-1-8kg
Foodland Balaklava,2025-05-04 23:59:49,Trill Honey Sticks Dry Bird Treats With Berries Fruit & Nuts Bag,105g,was $4.45,$3.00,$2.86 per 100g,https://foodlandbalaklava.com.au//lines/trill-cockatiel-hny-stk3p-105g
Foodland Balaklava,2025-05-04 23:59:49,Trill Honey Sticks Dry Bird Treats With Currant & Apple Bag,105g,was $4.45,$3.00,$2.86 per 100g,https://foodlandbalaklava.com.au//lines/trill-hny-stk-budgie-105gm
Foodland Balaklava,2025-05-04 23:59:49,Trill Millet Sprays Bag,150g,N/A,$7.35,$4.90 per 100g,https://foodlandbalaklava.com.au//lines/trill-millet-sprays-150gm
Foodland Balaklava,2025-05-04 23:59:49,Trill Mix-In Dry Bird Seed Fruit & Nuts Pouch,200g,N/A,$4.75,$2.38 per 100g,https://foodlandbalaklava.com.au//lines/trill-mix-fruit-nut-blend200gm
Foodland Balaklava,2025-05-04 23:59:49,Trill Mix-In Dry Bird Seed Vegies Pouch,120g,N/A,$4.20,$3.50 per 100g,https://foodlandbalaklava.com.au//lines/trill-mix-vege-blend-120gm
Foodland Balaklava,2025-05-04 23:59:49,Trill Toppers Dry Bird Seed Mix Flavours Pouch,112g,N/A,$5.25,$4.69 per 100g,https://foodlandbalaklava.com.au//lines/trill-toppers-112gm
Foodland Balaklava,2025-05-04 23:59:49,Trolli Gummi Lunch,77g,N/A,$2.50,$3.25 per 100g,https://foodlandbalaklava.com.au//lines/trolli-gummi-lunch-bag-77g
Foodland Balaklava,2025-05-04 23:59:49,Trolli Sour Cola Bottles,150g,N/A,$2.80,$1.87 per 100g,https://foodlandbalaklava.com.au//lines/trolli-sour-cola-bottles-150gm
Foodland Balaklava,2025-05-04 23:59:49,Trolli Strawberry Clouds,150g,N/A,$3.15,$2.10 per 100g,https://foodlandbalaklava.com.au//lines/trolli-strawberry-clouds-150gm
Foodland Balaklava,2025-05-04 23:59:49,Trolli Watermelon Slice,150g,N/A,$3.15,$2.10 per 100g,https://foodlandbalaklava.com.au//lines/trolli-watermelon-slices-150gm
Foodland Balaklava,2025-05-04 23:59:49,Tropical Island Crispy Battered Fish Portions,500g,was $11.05,$9.45,$18.90 per kg,https://foodlandbalaklava.com.au//lines/tropical-fish-portn-battr500gm
Foodland Balaklava,2025-05-04 23:59:49,Tropical Island Crispy Crumbed Fish Cakes Parmesan & Herb,480g,was $10.50,$7.90,$16.46 per kg,https://foodlandbalaklava.com.au//lines/tropical-fish-cake-crmb-480g
Foodland Balaklava,2025-05-04 23:59:49,Tropical Island Crispy Crumbed Fish Tenders Lightly Seasoned,600g,N/A,$13.15,$21.92 per kg,https://foodlandbalaklava.com.au//lines/tropical-fish-tendr-crmb-600g
Foodland Balaklava,2025-05-04 23:59:49,Tropical Island Marinated Fish Fillets Spicy Mango,340g,N/A,$8.40,$24.71 per kg,https://foodlandbalaklava.com.au//lines/tropical-fish-flt-spc-mng340gm
Foodland Balaklava,2025-05-04 23:59:49,Trout Rainbow,N/A,N/A,$32.99,N/A,https://foodlandbalaklava.com.au//lines/trout-rainbow-1
Foodland Balaklava,2025-05-04 23:59:49,Tru Blu Lido Lemonade,2L,N/A,$2.50,$1.25 per L,https://foodlandbalaklava.com.au//lines/tru-blu-lido-lemonade-2l
Foodland Balaklava,2025-05-04 23:59:49,True Foods Garlic Naan Bread 2pk,250g,was $4.20,$3.50,$1.40 per 100g,https://foodlandbalaklava.com.au//lines/true-food-naan-brd-garl-250gm
Foodland Balaklava,2025-05-04 23:59:49,True Thai Coconut Milk Lite,400mL,was $2.40,$1.80,$0.45 per 100mL,https://foodlandbalaklava.com.au//lines/true-thai-c-nut-milk-lte-400ml
Foodland Balaklava,2025-05-04 23:59:49,True Thai Massa Curry Paste,240g,was $4.60,$3.50,$1.46 per 100g,https://foodlandbalaklava.com.au//lines/true-thai-pste-curry-mas-240gm
Foodland Balaklava,2025-05-04 23:59:49,True Thai Pste Red Curry,240g,was $4.60,$3.50,$1.46 per 100g,https://foodlandbalaklava.com.au//lines/true-thai-pste-r-curry-240gm
Foodland Balaklava,2025-05-04 23:59:49,True Thai Pste Satay,240g,was $4.60,$3.50,$1.46 per 100g,https://foodlandbalaklava.com.au//lines/true-thai-pste-satay-240gm
Foodland Balaklava,2025-05-04 23:59:49,True Thai Pste Tom Yum,230g,was $4.60,$3.50,$1.46 per 100g,https://foodlandbalaklava.com.au//lines/true-thai-pste-tom-yum-230gm
Foodland Balaklava,2025-05-04 23:59:49,True Thai Sauce Sweet And Sour,300mL,was $3.75,$3.60,$1.20 per 100mL,https://foodlandbalaklava.com.au//lines/true-thai-sce-swt-sour-300ml
Foodland Balaklava,2025-05-04 23:59:49,True Thai Sauce Sweet Chilli,300mL,was $3.75,$3.60,$1.20 per 100mL,https://foodlandbalaklava.com.au//lines/true-thai-sce-swt-chili-300ml
Foodland Balaklava,2025-05-04 23:59:49,True Thai Sauce Teriyaki,300mL,was $3.75,$3.60,$1.20 per 100mL,https://foodlandbalaklava.com.au//lines/true-thai-teriyaki-300ml
Foodland Balaklava,2025-05-04 23:59:49,True Thai Spring Roll Sauce,300mL,was $3.75,$3.60,$1.20 per 100mL,https://foodlandbalaklava.com.au//lines/true-thai-spring-roll-sce-300ml
Foodland Balaklava,2025-05-04 23:59:49,Tst India Mngo Chk Sim/​Sce,425g,was $6.10,$4.90,$1.15 per 100g,https://foodlandbalaklava.com.au//lines/tst-india-mngo-chk-sim-sce-425gm
Foodland Balaklava,2025-05-04 23:59:49,Tst India Rgn Josh Sim/​Sce,425g,was $6.10,$4.90,$1.15 per 100g,https://foodlandbalaklava.com.au//lines/tst-india-rgn-josh-sim-sce-425gm
Foodland Balaklava,2025-05-04 23:59:49,Tst India Tikka Massala Sce,425g,was $6.10,$4.90,$1.15 per 100g,https://foodlandbalaklava.com.au//lines/tst-india-tikka-massala-sce-425g
Foodland Balaklava,2025-05-04 23:59:49,Tuck Nat Crckr 5 Seed,100g,N/A,$4.99,$4.99 per 100g,https://foodlandbalaklava.com.au//lines/tuck-nat-crckr-5-seed-100gm
Foodland Balaklava,2025-05-04 23:59:49,Tuckers Lem/​Myr/​Pep Crck,100g,N/A,$4.50,$4.50 per 100g,https://foodlandbalaklava.com.au//lines/tuck-a-crck-lem-myrtl-pep-100g
Foodland Balaklava,2025-05-04 23:59:49,Tuckers Natural Turmeric & Parmesan Dippies,120g,N/A,$4.50,$3.75 per 100g,https://foodlandbalaklava.com.au//lines/dippies-tumeric-parmesan-120g
Foodland Balaklava,2025-05-04 23:59:49,Tucker’​S Natural Parmesan Truffle & Pepper Artisan Crackers,100g,N/A,$4.50,$4.50 per 100g,https://foodlandbalaklava.com.au//lines/tuck-a-crck-parm-truf-pep-100g
Foodland Balaklava,2025-05-04 23:59:49,Tumbling Monkeys,N/A,N/A,$10.00,N/A,https://foodlandbalaklava.com.au//lines/tumbling-monkeys
Foodland Balaklava,2025-05-04 23:59:49,Tumeric,N/A,N/A,$49.50,N/A,https://foodlandbalaklava.com.au//lines/tumeric
Foodland Balaklava,2025-05-04 23:59:49,Tuscany Cheese Shredded Mozzerella,500 x 500g,was $9.65,$8.00,$16.00 per kg,https://foodlandbalaklava.com.au//lines/tuscany-chs-mozz-shrd-bld500gm
Foodland Balaklava,2025-05-04 23:59:49,Tuscany Cheese Shredded Tasty Blend,500g,was $9.65,$8.00,$16.00 per kg,https://foodlandbalaklava.com.au//lines/tuscany-chs-tsty-shrd-bld500gm
Foodland Balaklava,2025-05-04 23:59:49,Tuscany Chs Pzza Shrd Bld500gm,N/A,was $9.65,$8.00,$16.00 per kg,https://foodlandbalaklava.com.au//lines/tuscany-chs-pzza-shrd-bld500gm
Foodland Balaklava,2025-05-04 23:59:49,Tv Week Magazine,N/A,N/A,$5.99,N/A,https://foodlandbalaklava.com.au//lines/tv-week-magazine
Foodland Balaklava,2025-05-04 23:59:49,Twinings Assam Bold Tea Bags,200g,N/A,$14.20,$7.10 per 100g,https://foodlandbalaklava.com.au//lines/twining-t-bag-assam-bold-80s-1
Foodland Balaklava,2025-05-04 23:59:49,Twinings Australian Afternoon Tea Bags,200g,N/A,$14.20,$7.10 per 100g,https://foodlandbalaklava.com.au//lines/twining-t-bag-australian-100s-1
Foodland Balaklava,2025-05-04 23:59:49,Twinings Ceylon Morning Tea,220g,N/A,$14.20,$6.45 per 100g,https://foodlandbalaklava.com.au//lines/twining-t-bag-morning-100s-1
Foodland Balaklava,2025-05-04 23:59:49,Twinings Creamy Tea Latte Chai,170g,N/A,$7.00,$4.12 per 100g,https://foodlandbalaklava.com.au//lines/twining-latte-chai-10s
Foodland Balaklava,2025-05-04 23:59:49,Twinings Creamy Tea Latte Choc Chai,170g,N/A,$7.00,$4.12 per 100g,https://foodlandbalaklava.com.au//lines/twining-latte-choc-chai-10s
Foodland Balaklava,2025-05-04 23:59:49,Twinings Earl Grey Loose Leaf,125g,N/A,$7.90,$6.32 per 100g,https://foodlandbalaklava.com.au//lines/twining-tea-earl-grey-125gm-1
Foodland Balaklava,2025-05-04 23:59:50,Twinings English Breakfast Black Tea 50pk,100g,N/A,$8.95,$8.95 per 100g,https://foodlandbalaklava.com.au//lines/twining-t-bag-eng-bfast-50s-1
Foodland Balaklava,2025-05-04 23:59:50,Twinings English Breakfast Decaffeinated,160g,N/A,$14.20,$8.88 per 100g,https://foodlandbalaklava.com.au//lines/twining-t-bag-eng-bfst-dec-80s
Foodland Balaklava,2025-05-04 23:59:50,Twinings English Breakfast Loose Leaf,125g,N/A,$7.90,$6.32 per 100g,https://foodlandbalaklava.com.au//lines/twining-tea-eng-b-fast-125gm-1
Foodland Balaklava,2025-05-04 23:59:50,Twinings Extra Strong English Breakfast Tea Bags,200g,N/A,$14.20,$7.10 per 100g,https://foodlandbalaklava.com.au//lines/twining-t-bag-eng-bf-ex-str80s-1
Foodland Balaklava,2025-05-04 23:59:50,Twinings Extra Strong English Breakfast Tea Bags,25g,was $3.15,$2.75,$11.00 per 100g,https://foodlandbalaklava.com.au//lines/twining-t-bag-eng-bf-ex-str10s-1
Foodland Balaklava,2025-05-04 23:59:50,"Twinings Flavoured Herbal Infusions Camomile, Honey & Vanilla Tea Bags",15g,was $3.15,$2.75,$18.33 per 100g,https://foodlandbalaklava.com.au//lines/twining-t-bag-cam-hon-van-10s-1
Foodland Balaklava,2025-05-04 23:59:50,Twinings Flavoured Herbal Infusions Lemon & Ginger Tea Bags,120g,N/A,$14.20,$11.83 per 100g,https://foodlandbalaklava.com.au//lines/twining-t-bag-lem-ging-80s-1
Foodland Balaklava,2025-05-04 23:59:50,Twinings Flavoured Herbal Infusions Lemon & Ginger Tea Bags,15g,was $3.15,$2.75,$18.33 per 100g,https://foodlandbalaklava.com.au//lines/twining-t-bag-inf-lem-ging-10s-1
Foodland Balaklava,2025-05-04 23:59:50,Twinings Ginger & Apple Infusion Tea Bags,20g,was $3.15,$2.75,$11.46 per 100g,https://foodlandbalaklava.com.au//lines/twining-t-bag-ginger-appl10s-1
Foodland Balaklava,2025-05-04 23:59:50,Twinings Herbal Infusions Pure Camomile Tea Bags,12g,was $3.15,$2.75,$22.92 per 100g,https://foodlandbalaklava.com.au//lines/twining-t-bag-camomile-10s-1
Foodland Balaklava,2025-05-04 23:59:50,Twinings Herbal Infusions Pure Camomile Tea Bags,12g,N/A,$14.20,$14.79 per 100g,https://foodlandbalaklava.com.au//lines/twining-t-bag-camomile-80s-1
Foodland Balaklava,2025-05-04 23:59:50,Twinings Herbal Infusions Pure Peppermint Tea Bags,160g,N/A,$14.20,$8.88 per 100g,https://foodlandbalaklava.com.au//lines/twining-t-bag-peppermint-80s-1
Foodland Balaklava,2025-05-04 23:59:50,Twinings Irish Breakfast Tea Bags,200g,N/A,$14.20,$7.10 per 100g,https://foodlandbalaklava.com.au//lines/twining-t-bag-irish-b-fast100s-1
Foodland Balaklava,2025-05-04 23:59:50,Twinings Lady Grey Tea Bags,200g,N/A,$14.20,$7.10 per 100g,https://foodlandbalaklava.com.au//lines/twining-t-bag-lady-grey-100s-1
Foodland Balaklava,2025-05-04 23:59:50,Twinings Lemon & Ginger Herbal Infusions Tea Bags,60g,N/A,$8.95,$14.92 per 100g,https://foodlandbalaklava.com.au//lines/twining-t-bag-inf-lem-ging-40s-1
Foodland Balaklava,2025-05-04 23:59:50,Twinings Live Well Adaptogen Calm Mind Rooibos Honey Chai Maca Herbal Tea Bags,34.2g,N/A,$8.95,$26.32 per 100g,https://foodlandbalaklava.com.au//lines/twining-t-bag-l-w-calm-mind18s-1
Foodland Balaklava,2025-05-04 23:59:50,"Twinings Live Well Digest Turmeric, Orange & Star Anise 22 Packs",44g,N/A,$8.95,$20.34 per 100g,https://foodlandbalaklava.com.au//lines/twining-t-bag-l-w-digest-22s-1
Foodland Balaklava,2025-05-04 23:59:50,"Twinings Live Well Immune Support + Vitamin D Blackcurrant, Raspberry, Echinacea & Elderberry",40g,N/A,$8.95,$22.38 per 100g,https://foodlandbalaklava.com.au//lines/twining-t-bag-l-w-immu-vd-20s
Foodland Balaklava,2025-05-04 23:59:50,"Twinings Live Well Inner Cleanse Probiotics Ginger, Lemon And Turmeric Herbal Tea Bags",27g,N/A,$8.95,$33.15 per 100g,https://foodlandbalaklava.com.au//lines/twining-t-bag-l-w-cleanse-18s-1
Foodland Balaklava,2025-05-04 23:59:50,Twinings Live Well Sleep + Valerian Herbal Tea Bags,30g,N/A,$8.95,$26.32 per 100g,https://foodlandbalaklava.com.au//lines/twining-t-bag-l-w-sleep-val20s-1
Foodland Balaklava,2025-05-04 23:59:50,Twinings Matcha Green Tea,15g,was $3.15,$2.75,$18.33 per 100g,https://foodlandbalaklava.com.au//lines/twining-t-bag-grn-matcha-10s
Foodland Balaklava,2025-05-04 23:59:50,Twinings Pure Camomile Herbal Infusion Tea Bags,48g,N/A,$8.95,$14.92 per 100g,https://foodlandbalaklava.com.au//lines/twining-t-bag-inf-camomile-40s-2
Foodland Balaklava,2025-05-04 23:59:50,Twinings Pure Green Tea Bags,150g,N/A,$14.20,$9.47 per 100g,https://foodlandbalaklava.com.au//lines/twining-t-bag-grn-pure-100s-1
Foodland Balaklava,2025-05-04 23:59:50,Twinings Pure Green Tea Bags,15g,was $3.15,$2.75,$18.33 per 100g,https://foodlandbalaklava.com.au//lines/twining-t-bag-grn-pure-10s-1
Foodland Balaklava,2025-05-04 23:59:50,Twinings Pure Peppermint Herbal Infusions Tea Bags,80g,N/A,$8.95,$11.19 per 100g,https://foodlandbalaklava.com.au//lines/twining-t-bag-inf-p-mint-40s-1
Foodland Balaklava,2025-05-04 23:59:50,Twinings Tea Bags Envelope Earl Grey,10g,was $3.15,$2.75,$13.75 per 100g,https://foodlandbalaklava.com.au//lines/twining-t-bag-earl-grey-10s-1
Foodland Balaklava,2025-05-04 23:59:50,Twisties Cheese,90g,was $2.85,$2.35,$2.61 per 100g,https://foodlandbalaklava.com.au//lines/twisties-cheese-90gm
Foodland Balaklava,2025-05-04 23:59:50,Twisties Cheese Snacks,8 x 19g,was $6.30,$3.00,$1.97 per 100g,https://foodlandbalaklava.com.au//lines/twisties-cheese-8pk-152g
Foodland Balaklava,2025-05-04 23:59:50,Twisties Cheese Snacks Blue Tongue & Sour Blueberry,80g,was $2.85,$2.35,$2.94 per 100g,https://foodlandbalaklava.com.au//lines/twisties-blu-tng-sr-b-bry-80g
Foodland Balaklava,2025-05-04 23:59:50,Twisties Chicken 8 Pack,152g,was $6.30,$3.00,$1.97 per 100g,https://foodlandbalaklava.com.au//lines/twisties-chicken-8pk-152g
Foodland Balaklava,2025-05-04 23:59:50,Twisties Party Bag Zigzag Wicked Cheddar,125g,was $5.80,$4.00,$3.20 per 100g,https://foodlandbalaklava.com.au//lines/twisties-zig-zags-125gm
Foodland Balaklava,2025-05-04 23:59:50,Twix Milk Chocolate Caramel Biscuit Party Share Bag 11 Pieces,159g,was $6.00,$5.40,$3.40 per 100g,https://foodlandbalaklava.com.au//lines/twix-minis-funsize-159-5gm
Foodland Balaklava,2025-05-04 23:59:50,Twix Secret Center Biscuits,132g,N/A,$5.60,$4.24 per 100g,https://foodlandbalaklava.com.au//lines/tmg-twix-secret-biscuit-132g
Foodland Balaklava,2025-05-04 23:59:50,Twix Xtra Milk Chocolate With Caramel & Biscuit Bar,72g,was $3.15,$2.20,$3.06 per 100g,https://foodlandbalaklava.com.au//lines/twix-2-fngers-k-sze-extra-72gm
Foodland Balaklava,2025-05-04 23:59:50,Tyrrells Pot Crsp S/​Salt,165g,N/A,$6.85,$4.15 per 100g,https://foodlandbalaklava.com.au//lines/tyrrells-pot-crsp-s-salt-165gm-1
Foodland Balaklava,2025-05-04 23:59:50,U By Kotex Extra Overnight Pads With Wings 10 Pack,N/A,was $5.25,$5.00,$0.50 Each,https://foodlandbalaklava.com.au//lines/u-by-kotex-overnight-wings-10s
Foodland Balaklava,2025-05-04 23:59:50,U By Kotex Extra Overnight Ultimate Pads With Wings 6 Pack,N/A,was $5.25,$5.00,$0.83 Each,https://foodlandbalaklava.com.au//lines/u-pad-maxi-ult-o-night-wng-6s
Foodland Balaklava,2025-05-04 23:59:50,U By Kotex Extra Pads Regular With Wings 16 Pack,N/A,was $5.25,$5.00,$0.31 Each,https://foodlandbalaklava.com.au//lines/u-by-kotex-maxi-reg-wings-16s
Foodland Balaklava,2025-05-04 23:59:50,U By Kotex Extra Pads Super With Wings 14 Pack,N/A,was $5.25,$5.00,$0.36 Each,https://foodlandbalaklava.com.au//lines/u-by-kotex-maxi-super-wing-14s
Foodland Balaklava,2025-05-04 23:59:50,U By Kotex Maternity Pads No Wings 10 Pack,N/A,was $5.25,$5.00,$0.50 Each,https://foodlandbalaklava.com.au//lines/u-pad-maxi-maternity-10s
Foodland Balaklava,2025-05-04 23:59:50,"U By Kotex Regular Designer Series Ultrathins With Wings, 22 Pads",N/A,N/A,$8.80,$0.40 Each,https://foodlandbalaklava.com.au//lines/u-by-kotex-u-thn-reg-wing-22s
Foodland Balaklava,2025-05-04 23:59:50,U By Kotex Regular Slim Tampons 32pack,N/A,was $9.25,$8.00,$0.25 Each,https://foodlandbalaklava.com.au//lines/ubk-bulk-tampons-reg-32s
Foodland Balaklava,2025-05-04 23:59:50,U By Kotex Sport Tampons Regular 16 Pack,N/A,N/A,$6.20,$0.39 Each,https://foodlandbalaklava.com.au//lines/u-by-kotex-spt-tampons-reg-16s
Foodland Balaklava,2025-05-04 23:59:50,U By Kotex Sport Tampons Super 16 Pack,N/A,N/A,$6.20,$0.39 Each,https://foodlandbalaklava.com.au//lines/u-tampon-sport-super-16s
Foodland Balaklava,2025-05-04 23:59:50,U By Kotex Sport Ultrathin Pads Regular With Wings 12 Pack,N/A,N/A,$5.90,$0.49 Each,https://foodlandbalaklava.com.au//lines/kotex-pads-u-thin-reg-wing-12s
Foodland Balaklava,2025-05-04 23:59:50,U By Kotex Sport Ultrathin Pads Super With Wings 10 Pack,N/A,N/A,$5.90,$0.59 Each,https://foodlandbalaklava.com.au//lines/kotex-pads-u-thin-supr-wing10s
Foodland Balaklava,2025-05-04 23:59:50,U By Kotex Super Slim Bulk Tampons 32 Pack,N/A,was $9.25,$8.00,$0.25 Each,https://foodlandbalaklava.com.au//lines/ubk-bulk-tampons-super-32s
Foodland Balaklava,2025-05-04 23:59:50,U By Kotex Tampons Mini 16 Pack,N/A,was $5.25,$4.75,$0.30 Each,https://foodlandbalaklava.com.au//lines/u-by-kotex-tampon-mini-16s
Foodland Balaklava,2025-05-04 23:59:51,U By Kotex Tampons Regular 16 Pack,N/A,was $5.25,$4.75,$0.30 Each,https://foodlandbalaklava.com.au//lines/u-by-kotex-tampon-regular-16s
Foodland Balaklava,2025-05-04 23:59:51,U By Kotex Tampons Super 16 Pack,N/A,was $5.25,$4.75,$0.30 Each,https://foodlandbalaklava.com.au//lines/u-by-kotex-tampon-super-16s
Foodland Balaklava,2025-05-04 23:59:51,U By Kotex Ultrathin Overnight Pads Long With Wings 8 Pack,N/A,was $6.05,$5.00,$0.62 Each,https://foodlandbalaklava.com.au//lines/u-pad-u-t-o-night-long-8s
Foodland Balaklava,2025-05-04 23:59:51,U By Kotex Ultrathin Pads Super With Wings 12 Pack,N/A,was $6.00,$5.00,$0.42 Each,https://foodlandbalaklava.com.au//lines/u-by-kotex-pad-u-th-spr-wng12s
Foodland Balaklava,2025-05-04 23:59:51,U/​B Aust Nat Macadamias,375g,N/A,$17.99,$4.80 per 100g,https://foodlandbalaklava.com.au//lines/u-b-australian-natural-macadamias-375g
Foodland Balaklava,2025-05-04 23:59:51,Uber Alice Bands Fabric,N/A,N/A,$7.95,N/A,https://foodlandbalaklava.com.au//lines/uber-alice-bands-fabric
Foodland Balaklava,2025-05-04 23:59:51,Uber Body Sponge,N/A,N/A,$4.95,N/A,https://foodlandbalaklava.com.au//lines/uber-eyeliner-sharpner
Foodland Balaklava,2025-05-04 23:59:51,Uber Clic Clac Blk Wht 4pk,N/A,N/A,$6.95,N/A,https://foodlandbalaklava.com.au//lines/uber-clips-asst-6pk
Foodland Balaklava,2025-05-04 23:59:51,Uber Comb,N/A,N/A,$4.95,N/A,https://foodlandbalaklava.com.au//lines/uber-hair-comb-2pk
Foodland Balaklava,2025-05-04 23:59:51,Uber Comb,N/A,N/A,$4.95,N/A,https://foodlandbalaklava.com.au//lines/uber-hair-comb-1
Foodland Balaklava,2025-05-04 23:59:51,Uber Compact Mirror 1pk,N/A,N/A,$7.95,N/A,https://foodlandbalaklava.com.au//lines/uber-compact-mirror-1pk
Foodland Balaklava,2025-05-04 23:59:51,Uber Compact Puffs,N/A,N/A,$6.95,N/A,https://foodlandbalaklava.com.au//lines/uber-compact-puffs
Foodland Balaklava,2025-05-04 23:59:51,Uber Elastics,N/A,N/A,$4.95,N/A,https://foodlandbalaklava.com.au//lines/uber-elastics-3
Foodland Balaklava,2025-05-04 23:59:51,Uber Elastics,N/A,N/A,$3.95,N/A,https://foodlandbalaklava.com.au//lines/uber-elastics-14
Foodland Balaklava,2025-05-04 23:59:51,Uber Elastics,N/A,N/A,$6.95,N/A,https://foodlandbalaklava.com.au//lines/uber-elastics-10
Foodland Balaklava,2025-05-04 23:59:51,Uber Elastics Spiral Black,N/A,N/A,$4.95,N/A,https://foodlandbalaklava.com.au//lines/uber-elastics-spirals-black
Foodland Balaklava,2025-05-04 23:59:51,Uber Elastics Spirals-Asst,N/A,N/A,$4.95,N/A,https://foodlandbalaklava.com.au//lines/uber-elastics-spirals-asst
Foodland Balaklava,2025-05-04 23:59:51,Uber Elastics Spirals-Clear,N/A,N/A,$4.95,N/A,https://foodlandbalaklava.com.au//lines/uber-elastics-spirals-clear
Foodland Balaklava,2025-05-04 23:59:51,Uber Emery Block,N/A,N/A,$4.95,N/A,https://foodlandbalaklava.com.au//lines/uber-emery-block
Foodland Balaklava,2025-05-04 23:59:51,Uber Emery Boards,N/A,N/A,$4.95,N/A,https://foodlandbalaklava.com.au//lines/uber-set-emery-board
Foodland Balaklava,2025-05-04 23:59:51,Uber Emery Boards,N/A,N/A,$5.95,N/A,https://foodlandbalaklava.com.au//lines/uber-emery-board-curved-x2
Foodland Balaklava,2025-05-04 23:59:51,Uber Emery Boards 2 Pack,N/A,N/A,$5.95,N/A,https://foodlandbalaklava.com.au//lines/uber-emery-board-straight-2pk
Foodland Balaklava,2025-05-04 23:59:51,Uber Eyeliner Sharpener,N/A,N/A,$4.95,N/A,https://foodlandbalaklava.com.au//lines/uber-emery-board-straight-x2
Foodland Balaklava,2025-05-04 23:59:51,Uber Hair And Beauty Assorted Clic Clac Hair Clips,N/A,N/A,$6.95,N/A,https://foodlandbalaklava.com.au//lines/uber-clic-clac-asst-colours
Foodland Balaklava,2025-05-04 23:59:51,Uber Hair Brush Round,N/A,N/A,$9.95,N/A,https://foodlandbalaklava.com.au//lines/uber-hair-brush-round
Foodland Balaklava,2025-05-04 23:59:51,Uber Hair Comb,N/A,N/A,$4.95,N/A,https://foodlandbalaklava.com.au//lines/uber-hair-comb-2pk-clone
Foodland Balaklava,2025-05-04 23:59:51,Uber Hair Ealastics Blonde,N/A,N/A,$3.95,N/A,https://foodlandbalaklava.com.au//lines/uber-elastics-blonde
Foodland Balaklava,2025-05-04 23:59:51,Uber Hair Elastics Black,N/A,N/A,$3.95,N/A,https://foodlandbalaklava.com.au//lines/uber-elastics-15
Foodland Balaklava,2025-05-04 23:59:51,Uber Handbag Brush,N/A,N/A,$9.95,N/A,https://foodlandbalaklava.com.au//lines/uber-handbag-brush
Foodland Balaklava,2025-05-04 23:59:51,Uber Make Up Sponges,N/A,N/A,$4.95,N/A,https://foodlandbalaklava.com.au//lines/uber-make-up-sponges
Foodland Balaklava,2025-05-04 23:59:51,Uber Nail Clippers Small,N/A,N/A,$4.95,N/A,https://foodlandbalaklava.com.au//lines/uber-nail-clippers-large
Foodland Balaklava,2025-05-04 23:59:51,Uber Nail Scissors,N/A,N/A,$7.95,N/A,https://foodlandbalaklava.com.au//lines/uber-nail-scissors
Foodland Balaklava,2025-05-04 23:59:51,Uber Shower Cap 1pk,N/A,N/A,$4.95,N/A,https://foodlandbalaklava.com.au//lines/uber-shower-cap-1pk
Foodland Balaklava,2025-05-04 23:59:51,Uber Thick Hair Elastics,N/A,N/A,$4.95,N/A,https://foodlandbalaklava.com.au//lines/uber-elastics-5
Foodland Balaklava,2025-05-04 23:59:51,Uber Toothbrush Holder,N/A,N/A,$3.95,N/A,https://foodlandbalaklava.com.au//lines/uber-toothbrush-holder
Foodland Balaklava,2025-05-04 23:59:51,Uber Tweezers Curved,N/A,N/A,$6.95,N/A,https://foodlandbalaklava.com.au//lines/uber-tweezers-curved
Foodland Balaklava,2025-05-04 23:59:51,Uber Tweezers Straight,N/A,N/A,$5.95,N/A,https://foodlandbalaklava.com.au//lines/uber-tweezers-straight
Foodland Balaklava,2025-05-04 23:59:51,Uefa Champions League 2024/​5,N/A,N/A,$4.00,N/A,https://foodlandbalaklava.com.au//lines/uefa-champions-league-2024-5
Foodland Balaklava,2025-05-04 23:59:51,Ultimate Indulge Mince Beef Dog Food With Gravy,100g,was $1.70,$1.30,$1.30 per 100g,https://foodlandbalaklava.com.au//lines/ultim-indulg-bf-mnc-grvy-100g
Foodland Balaklava,2025-05-04 23:59:51,Ultimates Indulge Mince Beef In Gravy Dog Food,100g,was $9.65,$8.20,$1.37 per 100g,https://foodlandbalaklava.com.au//lines/ultim-indulg-bf-in-grvy6x100gm
Foodland Balaklava,2025-05-04 23:59:51,Ultimates Indulge Natural Beef,1kg,N/A,$10.50,$1.05 per 100g,https://foodlandbalaklava.com.au//lines/ultim-indulg-nat-beef-1kg
Foodland Balaklava,2025-05-04 23:59:51,Ultimates Indulge Responsibly Fished Tuna & Barramundi,85g,was $2.10,$1.75,$2.06 per 100g,https://foodlandbalaklava.com.au//lines/ultim-tuna-barramundi-85gm
Foodland Balaklava,2025-05-04 23:59:51,Ultimates Indulge Tuna With Shredded Chicken Breast & Prawns,85g,was $2.10,$1.75,$2.06 per 100g,https://foodlandbalaklava.com.au//lines/ultim-tuna-chk-shrmp-85g
Foodland Balaklava,2025-05-04 23:59:51,Ultimates Indulge Whitemeat Tuna With Chicken Liver,85g,was $2.10,$1.75,$2.06 per 100g,https://foodlandbalaklava.com.au//lines/ultim-tuna-um-chk-livr-85g
Foodland Balaklava,2025-05-04 23:59:51,Ultimates Indulge Whitemeat Tuna With Flaked Salmon,85g,was $2.10,$1.75,$2.06 per 100g,https://foodlandbalaklava.com.au//lines/ultim-tuna-flkd-salmn-85gm
Foodland Balaklava,2025-05-04 23:59:51,Ultimates Indulge Whitemeat Tuna With Red Bream & Chicken Breast,85g,was $2.10,$1.75,$2.06 per 100g,https://foodlandbalaklava.com.au//lines/ultim-tuna-w-mt-brm-ch-brst85g
Foodland Balaklava,2025-05-04 23:59:51,Ultracharge 6way Surge Board,N/A,N/A,$23.99,N/A,https://foodlandbalaklava.com.au//lines/ultracharge-6way-surge-board-1
Foodland Balaklava,2025-05-04 23:59:51,Ultracharge Double Adaptor Left/​Right,N/A,N/A,$8.99,N/A,https://foodlandbalaklava.com.au//lines/ultrachrg-dble-adaptor-2pk
Foodland Balaklava,2025-05-04 23:59:52,Ultrafresh Breath Spray Cool Mint,12mL,was $5.90,$4.75,$39.58 per 100mL,https://foodlandbalaklava.com.au//lines/ultrafresh-b-spray-colmnt-12ml
Foodland Balaklava,2025-05-04 23:59:52,Umbrella Golf Manual 76cm,N/A,N/A,$10.00,N/A,https://foodlandbalaklava.com.au//lines/umbrella-golf-manual-76cm
Foodland Balaklava,2025-05-04 23:59:52,Uncle Tobys Cheerios Low Sugar Breakfast Cereal Vanilla Flavour,450g,N/A,$7.90,$1.76 per 100g,https://foodlandbalaklava.com.au//lines/u-toby-cheerios-l-s-450gm
Foodland Balaklava,2025-05-04 23:59:52,Uncle Tobys Cheerios Multigrain Breakfast Cereal Value Pack,895g,was $10.50,$9.50,$1.06 per 100g,https://foodlandbalaklava.com.au//lines/u-toby-cheerios-whlgrn-895g
Foodland Balaklava,2025-05-04 23:59:52,"Uncle Tobys It's Made From 100% Australian Wholegrain Oats And Wheat, And It's A Source Of Fibre, Vitamins And Minerals.",475g,N/A,$6.00,$1.26 per 100g,https://foodlandbalaklava.com.au//lines/u-toby-oat-crisp-hon-mac-475gm
Foodland Balaklava,2025-05-04 23:59:52,Uncle Tobys Le Snak Cheese Dip And Crackers Snack Tasty Family Value Lunchbox X12 12pk,264g,N/A,$10.00,$3.79 per 100g,https://foodlandbalaklava.com.au//lines/u-toby-le-snak-t-chse-vp264gm
Foodland Balaklava,2025-05-04 23:59:52,Uncle Tobys Le Snak Snacks French Onion,132g,was $5.80,$4.75,$3.60 per 100g,https://foodlandbalaklava.com.au//lines/u-toby-le-snak-fr-on-132gm
Foodland Balaklava,2025-05-04 23:59:52,Uncle Tobys Muesli Bars Chewy Choc Chip X6 6pk,185g,N/A,$5.50,$2.97 per 100g,https://foodlandbalaklava.com.au//lines/u-toby-mues-b-chw-c-chip-185gm
Foodland Balaklava,2025-05-04 23:59:52,Uncle Tobys Muesli Bars Chewy Rasp Choc Chip X6,185g,N/A,$5.50,$2.97 per 100g,https://foodlandbalaklava.com.au//lines/u-toby-mues-b-rasp-c-chp-185gm
Foodland Balaklava,2025-05-04 23:59:52,Uncle Tobys Muesli Bars Chewy White Choc Chip X6 6pk,185g,N/A,$5.50,$2.97 per 100g,https://foodlandbalaklava.com.au//lines/u-toby-mues-b-chw-c-c-wht185gm
Foodland Balaklava,2025-05-04 23:59:52,Uncle Tobys Muesli Bars Yoghurt Mango Passionfruit X6 6pk,185g,N/A,$5.50,$2.97 per 100g,https://foodlandbalaklava.com.au//lines/u-toby-ygt-topps-mng-pass185gm
Foodland Balaklava,2025-05-04 23:59:52,Uncle Tobys Oat Crisp Almond Breakfast Breakfast Cereal,415g,N/A,$6.00,$1.45 per 100g,https://foodlandbalaklava.com.au//lines/u-toby-oat-crisp-almond-415gm
Foodland Balaklava,2025-05-04 23:59:52,Uncle Tobys Oats Breakfast Bakes Cereal Honey & Roasted Almond,260g,was $7.35,$6.30,$2.42 per 100g,https://foodlandbalaklava.com.au//lines/u-toby-oat-bke-hny-alm-260gm
Foodland Balaklava,2025-05-04 23:59:52,Uncle Tobys Oats Quick Rolled Oats For Porridge,500g,was $4.75,$4.10,$0.82 per 100g,https://foodlandbalaklava.com.au//lines/u-toby-oat-quick-500gm
Foodland Balaklava,2025-05-04 23:59:52,Uncle Tobys Oats Quick Sachets Big Bowl Banana & Honey Porridge,368g,was $6.85,$6.05,$1.64 per 100g,https://foodlandbalaklava.com.au//lines/u-toby-oat-quick-bb-ban-hny8pk
Foodland Balaklava,2025-05-04 23:59:52,Uncle Tobys Oats Quick Sachets Big Bowl Creamy Honey Porridge,368g,was $6.85,$6.05,$1.64 per 100g,https://foodlandbalaklava.com.au//lines/u-toby-oat-quick-bb-crm-hny8pk
Foodland Balaklava,2025-05-04 23:59:52,Uncle Tobys Oats Quick Sachets Big Bowl Original Porridge,368g,was $6.85,$6.05,$1.64 per 100g,https://foodlandbalaklava.com.au//lines/u-toby-oat-quick-bb-orig-8pk
Foodland Balaklava,2025-05-04 23:59:52,Uncle Tobys Oats Quick Sachets Porridge Brown Sugar & Cinnamon,350g,was $6.60,$5.70,$1.63 per 100g,https://foodlandbalaklava.com.au//lines/u-toby-oat-quick-cinnamon-10pk
Foodland Balaklava,2025-05-04 23:59:52,Uncle Tobys Oats Quick Sachets Porridge Creamy Vanilla,350g,was $6.60,$5.70,$1.63 per 100g,https://foodlandbalaklava.com.au//lines/u-toby-oat-quick-cmy-van-10pk
Foodland Balaklava,2025-05-04 23:59:52,Uncle Tobys Oats Quick Sachets Porridge Fruit Variety Multi Pack,350g,was $6.60,$5.70,$1.63 per 100g,https://foodlandbalaklava.com.au//lines/u-toby-oat-quick-var-frt-10pk
Foodland Balaklava,2025-05-04 23:59:52,Uncle Tobys Oats Traditional Rolled Oats Porridge,500g,was $4.75,$4.10,$0.82 per 100g,https://foodlandbalaklava.com.au//lines/u-toby-oat-traditional-500gm
Foodland Balaklava,2025-05-04 23:59:52,Uncle Tobys Plus Antioxidant Breakfast Cereal Cranberries & Blueberries Value Pack,1.15kg,was $12.20,$11.00,$0.96 per 100g,https://foodlandbalaklava.com.au//lines/u-toby-plus-antioxidnt-1-15kg
Foodland Balaklava,2025-05-04 23:59:52,Uncle Tobys Plus Muesli Flakes Breakfast Cereal With Sultanas & Apple,705g,was $9.25,$7.20,$1.02 per 100g,https://foodlandbalaklava.com.au//lines/u-toby-plus-muesli-flkes-705gm
Foodland Balaklava,2025-05-04 23:59:52,Uncle Tobys Quick Sachets Porridge Original,34g,N/A,$6.60,$1.94 per 100g,https://foodlandbalaklava.com.au//lines/u-toby-oat-quick-original-10pk
Foodland Balaklava,2025-05-04 23:59:52,Uncle Tobys Roll-Ups Rainbow Berry X6,94g,was $5.80,$5.20,$5.53 per 100g,https://foodlandbalaklava.com.au//lines/u-toby-roll-ups-rbow-berry94gm
Foodland Balaklava,2025-05-04 23:59:52,Uncle Tobys Roll-Ups Strawberry Fun Prints Snacks Made With Real Fruit X6,6 x 94g,was $5.80,$5.20,$5.53 per 100g,https://foodlandbalaklava.com.au//lines/u-toby-roll-ups-f-prnt-sbry94g
Foodland Balaklava,2025-05-04 23:59:52,Uncle Tobys Shredded Wheat Breakfast Cereal Original,360g,was $9.20,$8.50,$2.36 per 100g,https://foodlandbalaklava.com.au//lines/u-toby-shrd-wht-b-fst-cl-360gm
Foodland Balaklava,2025-05-04 23:59:52,Uncle Tobys Snacks Low Sugar Oat Slice Chocolate Brownie,132g,N/A,$7.05,$5.34 per 100g,https://foodlandbalaklava.com.au//lines/u-toby-oat-slc-choc-brwn-132g
Foodland Balaklava,2025-05-04 23:59:52,Unicorn Lactose Free Camembert,125g,was $7.50,$7.10,$5.68 per 100g,https://foodlandbalaklava.com.au//lines/unicorn-l-free-camembert-125g
Foodland Balaklava,2025-05-04 23:59:52,Unique Cars Standard,N/A,N/A,$10.95,N/A,https://foodlandbalaklava.com.au//lines/unique-cars-standard
Foodland Balaklava,2025-05-04 23:59:52,Unique Natural Multi Purpose Cleaner,500mL,N/A,$7.99,$1.60 per 100mL,https://foodlandbalaklava.com.au//lines/nq-multi-purpose-clnr-pump500ml
Foodland Balaklava,2025-05-04 23:59:52,Uniquely Natural Baby Shampoo,250mL,N/A,$8.95,$3.58 per 100mL,https://foodlandbalaklava.com.au//lines/nq-baby-shampoo-250ml
Foodland Balaklava,2025-05-04 23:59:52,Uniquely Natural Bodywash,500mL,N/A,$11.95,$2.39 per 100mL,https://foodlandbalaklava.com.au//lines/nq-bodywash-500ml
Foodland Balaklava,2025-05-04 23:59:52,Uniquely Natural Deodorant,60mL,was $6.50,$6.20,$10.33 per 100mL,https://foodlandbalaklava.com.au//lines/nq-nat-prot-deodorant-r-o-50ml
Foodland Balaklava,2025-05-04 23:59:52,Uniquely Natural Deodorant Ladies,125mL,N/A,$5.65,$4.52 per 100mL,https://foodlandbalaklava.com.au//lines/nq-ladies-deodorant-125ml
Foodland Balaklava,2025-05-04 23:59:52,Uniquely Natural Deodorant Mens,125mL,N/A,$5.65,$4.52 per 100mL,https://foodlandbalaklava.com.au//lines/nq-mens-deodorant-125ml
Foodland Balaklava,2025-05-04 23:59:52,Uniquely Natural Dishwasher Salt,500g,N/A,$6.60,$13.20 per kg,https://foodlandbalaklava.com.au//lines/nq-dishwasher-salt-500gm
Foodland Balaklava,2025-05-04 23:59:52,Uniquely Natural Dishwashing Liquid,500mL,N/A,$5.40,$10.80 per L,https://foodlandbalaklava.com.au//lines/nq-dishwashing-liquid-500ml
Foodland Balaklava,2025-05-04 23:59:52,Uniquely Natural Facial Cream Cleanser,125mL,N/A,$10.00,$8.00 per 100mL,https://foodlandbalaklava.com.au//lines/nq-cream-cleanser125ml
Foodland Balaklava,2025-05-04 23:59:52,Uniquely Natural Facial Scrub,125mL,was $11.00,$9.80,$7.84 per 100mL,https://foodlandbalaklava.com.au//lines/nq-facial-scrub125ml
Foodland Balaklava,2025-05-04 23:59:52,Uniquely Natural Hand Cream,125mL,was $10.00,$6.70,$5.36 per 100mL,https://foodlandbalaklava.com.au//lines/nq-hand-nail-cream-125ml
Foodland Balaklava,2025-05-04 23:59:52,Uniquely Natural Hand Wash 500,N/A,N/A,$10.99,$2.20 per 100mL,https://foodlandbalaklava.com.au//lines/nq-handwash-500ml
Foodland Balaklava,2025-05-04 23:59:52,Uniquely Natural Handsanitisr,250mL,N/A,$6.00,$2.40 per 100mL,https://foodlandbalaklava.com.au//lines/nq-hand-sanitiser-250ml
Foodland Balaklava,2025-05-04 23:59:52,Uniquely Natural Laundry Liquid,1L,was $8.95,$7.70,$7.70 per L,https://foodlandbalaklava.com.au//lines/nq-laundry-liquid-1lt
Foodland Balaklava,2025-05-04 23:59:52,Uniquely Natural Laundry Powder,1kg,N/A,$11.45,$11.45 per kg,https://foodlandbalaklava.com.au//lines/nq-laundry-powder-1kg
Foodland Balaklava,2025-05-04 23:59:52,Uniquely Natural Lavender Conditioner 500,N/A,N/A,$12.45,$2.49 per 100mL,https://foodlandbalaklava.com.au//lines/nq-lavender-conditioner-500ml
Foodland Balaklava,2025-05-04 23:59:52,Uniquely Natural Lavender Shampoo 500,N/A,N/A,$12.45,$2.49 per 100mL,https://foodlandbalaklava.com.au//lines/nq-lavender-shampoo-500ml
Foodland Balaklava,2025-05-04 23:59:52,Uniquely Natural Moroccan Conditioner 500,N/A,N/A,$14.00,$2.80 per 100mL,https://foodlandbalaklava.com.au//lines/nq-moroccan-conditioner-500ml
Foodland Balaklava,2025-05-04 23:59:53,Uniquely Natural Natural Protection Deodorant,50mL,was $6.50,$6.20,$10.33 per 100mL,https://foodlandbalaklava.com.au//lines/nq-nat-ref-deodorant-r-o-50ml
Foodland Balaklava,2025-05-04 23:59:53,Uniquely Natural Nature’​S Secret Roll On Deodorant,60mL,was $6.50,$6.20,$10.33 per 100mL,https://foodlandbalaklava.com.au//lines/nq-nat-secr-deodorant-r-o-50ml
Foodland Balaklava,2025-05-04 23:59:53,Uniquely Natural Rinse Aid,250mL,was $6.00,$5.65,$2.26 per 100mL,https://foodlandbalaklava.com.au//lines/nq-rinse-aid-250ml
Foodland Balaklava,2025-05-04 23:59:53,Uniquely Natural Rinse Aid,500mL,was $8.95,$8.25,$1.65 per 100mL,https://foodlandbalaklava.com.au//lines/nq-rinse-aid-500ml
Foodland Balaklava,2025-05-04 23:59:53,Uniquely Natural Rosewood Shampoo,500mL,was $8.95,$7.70,$7.70 per L,https://foodlandbalaklava.com.au//lines/nq-laundry-liquid-sensative-1lt
Foodland Balaklava,2025-05-04 23:59:53,Unisex Milonge Beanie S/​C,N/A,was $10.00,$9.00,N/A,https://foodlandbalaklava.com.au//lines/unisex-milonge-beanie-s-c
Foodland Balaklava,2025-05-04 23:59:53,Uno Card Game,N/A,N/A,$11.00,N/A,https://foodlandbalaklava.com.au//lines/uno-card-game-1
Foodland Balaklava,2025-05-04 23:59:53,Up&​Go Liquid Breakfast Strawberry,350mL,N/A,$4.65,$13.29 per L,https://foodlandbalaklava.com.au//lines/sanit-up-go-strawberry-350ml
Foodland Balaklava,2025-05-04 23:59:53,Up&​Go Liquid Breakfast Vanilla Ice,3 x 250mL,N/A,$7.15,$9.53 per L,https://foodlandbalaklava.com.au//lines/sanit-up-go-van-ice-3x250ml
Foodland Balaklava,2025-05-04 23:59:53,Up&​Go Liquid Breakfast Vanilla Ice,500mL,N/A,$5.20,$10.40 per L,https://foodlandbalaklava.com.au//lines/sanit-up-go-van-ice-btl-500ml
Foodland Balaklava,2025-05-04 23:59:53,Up&​Go No Added Sugar Choc Ice,3 x 250mL,N/A,$7.15,$9.53 per L,https://foodlandbalaklava.com.au//lines/sanit-up-go-ch-ice-nas-3x250ml
Foodland Balaklava,2025-05-04 23:59:53,Up&​Go Protein Energize Choc Hit,3 x 250mL,N/A,$7.15,$9.53 per L,https://foodlandbalaklava.com.au//lines/sanit-up-go-engz-choc-3x250ml
Foodland Balaklava,2025-05-04 23:59:53,Up&​Go Protein Energize Choc Hit,500mL,N/A,$5.20,$10.40 per L,https://foodlandbalaklava.com.au//lines/sanit-up-go-engz-choc-btl500ml
Foodland Balaklava,2025-05-04 23:59:53,Up&​Go Protein Energize Strawberry,6 x 250mL,N/A,$13.25,$8.83 per L,https://foodlandbalaklava.com.au//lines/sanit-up-go-engz-straw-6x250ml
Foodland Balaklava,2025-05-04 23:59:53,Up&​Go Protein Energize Vanilla,6 x 250mL,N/A,$13.25,$8.83 per L,https://foodlandbalaklava.com.au//lines/sanit-up-go-engz-van-6x250ml
Foodland Balaklava,2025-05-04 23:59:53,Ural Lemon Sachets X 20,N/A,was $8.80,$7.55,$0.38 Each,https://foodlandbalaklava.com.au//lines/ural-sachets-4gm-20s
Foodland Balaklava,2025-05-04 23:59:53,Urbane Mes Styling Fibre,85g,N/A,$9.95,$11.71 per 100g,https://foodlandbalaklava.com.au//lines/urbane-mess-styling-fibre-85g
Foodland Balaklava,2025-05-04 23:59:53,Urbane Mess Defining Paste,85g,N/A,$9.95,$11.71 per 100g,https://foodlandbalaklava.com.au//lines/urbane-mess-defining-paste-85g
Foodland Balaklava,2025-05-04 23:59:53,Urbane Mess Grooming Wax,85g,N/A,$9.95,$11.71 per 100g,https://foodlandbalaklava.com.au//lines/urbane-mess-grooming-wax-85g
Foodland Balaklava,2025-05-04 23:59:53,Urbane Mess Pliable Putty,85g,N/A,$9.95,$11.71 per 100g,https://foodlandbalaklava.com.au//lines/urbane-mess-pliable-putty-85g
Foodland Balaklava,2025-05-04 23:59:53,Urbane Mess Pomade,85g,N/A,$9.95,$11.71 per 100g,https://foodlandbalaklava.com.au//lines/urbane-mess-pomade-85g
Foodland Balaklava,2025-05-04 23:59:53,Urbane Mess Texture Clay,85g,N/A,$9.95,$11.71 per 100g,https://foodlandbalaklava.com.au//lines/urbane-mess-texture-clay-85g
Foodland Balaklava,2025-05-04 23:59:53,V Black Energy Drink,4 x 500mL,N/A,$17.60,$8.80 per L,https://foodlandbalaklava.com.au//lines/v-energy-drink-black-4-x-500ml
Foodland Balaklava,2025-05-04 23:59:53,V Black Energy Drink Can,250mL,N/A,$3.45,$13.80 per L,https://foodlandbalaklava.com.au//lines/v-energy-drink-black-250ml
Foodland Balaklava,2025-05-04 23:59:53,V Blue Energy Drink,500mL,was $4.45,$3.70,$7.40 per L,https://foodlandbalaklava.com.au//lines/v-energy-drink-blue-can-500ml
Foodland Balaklava,2025-05-04 23:59:53,V Blue Guarana Energy Drink 4 Pack X,250mL,was $12.35,$10.60,$10.60 per L,https://foodlandbalaklava.com.au//lines/v-energy-drink-blue-4x250ml
Foodland Balaklava,2025-05-04 23:59:53,V Blue V Energy Blue,4 x 500mL,N/A,$17.60,$8.80 per L,https://foodlandbalaklava.com.au//lines/v-energy-drink-blue-4x500ml
Foodland Balaklava,2025-05-04 23:59:53,V Energy Drink,500mL,was $4.45,$3.70,$7.40 per L,https://foodlandbalaklava.com.au//lines/v-energy-drink-can-500ml
Foodland Balaklava,2025-05-04 23:59:53,V Energy Drink Zero Sugar Original 4 Pack X,250mL,was $12.35,$10.60,$10.60 per L,https://foodlandbalaklava.com.au//lines/v-energy-drink-s-f-mlti4x250ml
Foodland Balaklava,2025-05-04 23:59:53,V Grape Burst Energy Drink,500mL,was $4.45,$3.70,$7.40 per L,https://foodlandbalaklava.com.au//lines/v-energy-grape-burst-500ml
Foodland Balaklava,2025-05-04 23:59:53,V Green Energy Drink,4 x 500mL,N/A,$17.60,$8.80 per L,https://foodlandbalaklava.com.au//lines/v-energy-drink-4x500ml
Foodland Balaklava,2025-05-04 23:59:53,V Guarana Energy Drink Blue,250mL,was $3.45,$2.75,$11.00 per L,https://foodlandbalaklava.com.au//lines/v-energy-drink-blue-250ml
Foodland Balaklava,2025-05-04 23:59:53,V Guarana Energy Drink Original,250mL,was $3.45,$2.75,$11.00 per L,https://foodlandbalaklava.com.au//lines/v-energy-drink-can-250ml
Foodland Balaklava,2025-05-04 23:59:53,V Guarana Energy Drink Original 4 Pack X,250mL,was $12.35,$10.60,$10.60 per L,https://foodlandbalaklava.com.au//lines/v-energy-drink-can-4x250ml
Foodland Balaklava,2025-05-04 23:59:53,V Guarana Energy Drink Original 6 Pack X,330mL,was $19.20,$12.90,$6.52 per L,https://foodlandbalaklava.com.au//lines/v-energy-drink-green-6x330ml
Foodland Balaklava,2025-05-04 23:59:53,V Refresh Blackcurrant & Yuzu Can,250mL,was $3.45,$2.75,$11.00 per L,https://foodlandbalaklava.com.au//lines/v-refresh-energy-blckcur-250ml
Foodland Balaklava,2025-05-04 23:59:53,V Refresh Green Apple Lemonade,250mL,was $3.45,$2.75,$11.00 per L,https://foodlandbalaklava.com.au//lines/v-energy-grn-apple-lmnde-250ml
Foodland Balaklava,2025-05-04 23:59:53,V Refresh Pineapple And Watermelon Energy Drink,250mL,was $3.45,$2.75,$11.00 per L,https://foodlandbalaklava.com.au//lines/v-energy-drink-papl-w-mln250ml
Foodland Balaklava,2025-05-04 23:59:53,V.​I.​P. Chicken Chunkers,1kg,N/A,$6.30,$0.63 per 100g,https://foodlandbalaklava.com.au//lines/vip-chunkers-chicken-1kg
Foodland Balaklava,2025-05-04 23:59:53,V.​I.​P. D/​Roll Gmet Chicken,3kg,N/A,$9.00,$0.30 per 100g,https://foodlandbalaklava.com.au//lines/vip-d-roll-gmet-chicken-3kg
Foodland Balaklava,2025-05-04 23:59:53,V.​I.​P. D/​Roll Mega Bite,3kg,N/A,$9.00,$0.30 per 100g,https://foodlandbalaklava.com.au//lines/vip-d-roll-mega-bite-3kg
Foodland Balaklava,2025-05-04 23:59:53,V.​I.​P. Fussy Cat Chicken,450g,was $6.85,$5.80,$1.29 per 100g,https://foodlandbalaklava.com.au//lines/vip-fussy-cat-chicken-450gm
Foodland Balaklava,2025-05-04 23:59:53,V.​I.​P. Fussy Cat Steak,450g,was $6.85,$5.80,$1.29 per 100g,https://foodlandbalaklava.com.au//lines/vip-fussy-cat-steak-450gm
Foodland Balaklava,2025-05-04 23:59:53,V.​I.​P. Petfoods™ Paws Fresh Gourmet Chunky Mince Adult Dog Chilled Food,600g,N/A,$6.00,$1.00 per 100g,https://foodlandbalaklava.com.au//lines/paws-frsh-mince-diced-600gm
Foodland Balaklava,2025-05-04 23:59:53,V.​I.​P. Petfoods™ Paws Fresh Tender Chicken Adult Dog Chilled Food,600g,N/A,$6.00,$1.00 per 100g,https://foodlandbalaklava.com.au//lines/paws-frsh-tend-chic-diced600gm
Foodland Balaklava,2025-05-04 23:59:53,V.​I.​P. Petfoods™ Pets 1st Choice Adult Dog Chilled Roll,3kg,N/A,$7.05,$0.24 per 100g,https://foodlandbalaklava.com.au//lines/pets-first-choice-20-free-3kg
Foodland Balaklava,2025-05-04 23:59:53,V.​I.​P. Petfoods™ Protadog With Beef Steak Dinner Adult Dog Chilled Roll,1kg,N/A,$3.80,$0.38 per 100g,https://foodlandbalaklava.com.au//lines/prota-pet-tender-meat-1kg
Foodland Balaklava,2025-05-04 23:59:53,V.​I.​P. Petfoods™ Protadog With Chicken And Rice Adult Dog Chilled Roll,1kg,N/A,$3.80,$0.38 per 100g,https://foodlandbalaklava.com.au//lines/prota-pet-tender-chicken-1kg
Foodland Balaklava,2025-05-04 23:59:55,V.​I.​P. Petfoods™ Protadog With Chicken And Rice Adult Dog Chilled Roll,3kg,was $9.75,$8.40,$0.28 per 100g,https://foodlandbalaklava.com.au//lines/prota-pak-chick-rice-3kg
Foodland Balaklava,2025-05-04 23:59:55,V.​I.​P. Petfoods™ Protadog With Lamb And Vegetable Adult Dog Chilled Roll,1kg,N/A,$3.80,$0.38 per 100g,https://foodlandbalaklava.com.au//lines/prota-pet-lamb-vegetables-1kg
Foodland Balaklava,2025-05-04 23:59:55,V.​I.​P. Petfoods™ Protadog With Lamb And Vegetables Adult Dog Chilled Roll,1kg,was $9.75,$8.40,$0.28 per 100g,https://foodlandbalaklava.com.au//lines/prota-pak-lamb-veg-3kg
Foodland Balaklava,2025-05-04 23:59:55,V.​I.​P. Petfoods™ Supreme Fresh Steak Mince Adult Dog Chilled Food,800g,N/A,$7.90,$0.99 per 100g,https://foodlandbalaklava.com.au//lines/vip-supreme-pet-mince-taf800gm
Foodland Balaklava,2025-05-04 23:59:55,V/​Valy Vinegar White,750mL,N/A,$4.00,$0.53 per 100mL,https://foodlandbalaklava.com.au//lines/v-valy-vinegar-white-750ml
Foodland Balaklava,2025-05-04 23:59:55,V/​Verde Grissini Salt,125g,was $2.70,$2.60,$2.08 per 100g,https://foodlandbalaklava.com.au//lines/v-verde-grissini-salt-125g
Foodland Balaklava,2025-05-04 23:59:55,V/​Verde Grissini Sesame,125g,was $2.70,$2.60,$2.08 per 100g,https://foodlandbalaklava.com.au//lines/v-verde-grissini-sesame-125g
Foodland Balaklava,2025-05-04 23:59:55,V8 Juice Fruit & Veggie Tropical 3 Pack X,250mL,N/A,$4.75,$6.33 per L,https://foodlandbalaklava.com.au//lines/camp-v8-frt-veg-trop-3x250ml
Foodland Balaklava,2025-05-04 23:59:55,V8 Juice Pineapple Passion,1.25L,N/A,$5.80,$4.64 per L,https://foodlandbalaklava.com.au//lines/camp-v8-pine-app-passion-1-25l
Foodland Balaklava,2025-05-04 23:59:55,V8 Juice Power Blend Healthy Greens,1.25L,N/A,$6.30,$5.04 per L,https://foodlandbalaklava.com.au//lines/camp-v8-power-htlhy-grns-1-25l
Foodland Balaklava,2025-05-04 23:59:55,V8 Juice Vegetable Hot & Spicy,1.25L,N/A,$5.80,$4.64 per L,https://foodlandbalaklava.com.au//lines/camp-v8-veg-hot-n-spicy-1-25l
Foodland Balaklava,2025-05-04 23:59:55,V8 Juice Vegetable Original,1.25L,N/A,$5.80,$4.64 per L,https://foodlandbalaklava.com.au//lines/camp-v8-veg-original-1-25l
Foodland Balaklava,2025-05-04 23:59:55,Vaalia Probiotic Yoghurt Natural,900g,N/A,$5.50,$0.61 per 100g,https://foodlandbalaklava.com.au//lines/vaalia-ygt-nat-low-fat-900gm
Foodland Balaklava,2025-05-04 23:59:55,Vaalia Probiotic Yoghurt Passionfruit,4 x 150g,N/A,$5.25,$0.88 per 100g,https://foodlandbalaklava.com.au//lines/vaalia-ygt-p-fruit-4x150gm
Foodland Balaklava,2025-05-04 23:59:55,Valcom Authentic Thai Red Curry Paste,210g,N/A,$4.50,$2.14 per 100g,https://foodlandbalaklava.com.au//lines/valcom-curry-pste-red-210gm
Foodland Balaklava,2025-05-04 23:59:55,Valcom Curry Pste Masamn#​210gm,N/A,N/A,$4.50,$2.14 per 100g,https://foodlandbalaklava.com.au//lines/valcom-curry-pste-masamn-210gm
Foodland Balaklava,2025-05-04 23:59:55,Valcom Curry Pste Yel #​230gm,N/A,N/A,$4.50,$1.96 per 100g,https://foodlandbalaklava.com.au//lines/valcom-curry-pste-yel-230gm
Foodland Balaklava,2025-05-04 23:59:55,Valcom Kaffir Lime Leaves,100g,N/A,$3.35,$3.35 per 100g,https://foodlandbalaklava.com.au//lines/valcom-kaffir-lime-leave-100gm
Foodland Balaklava,2025-05-04 23:59:55,Valcom Lemon Grass,100g,N/A,$3.15,$3.15 per 100g,https://foodlandbalaklava.com.au//lines/valcom-lemon-grass-100gm
Foodland Balaklava,2025-05-04 23:59:55,Valcom Pste Curry Laksa #​230gm,N/A,N/A,$4.50,$1.96 per 100g,https://foodlandbalaklava.com.au//lines/valcom-pste-curry-laksa-230gm
Foodland Balaklava,2025-05-04 23:59:55,Van Holten's Garlic Joe Pickle,28g,N/A,$4.00,$2.00 per 100mL,https://foodlandbalaklava.com.au//lines/van-holtens-pickle-garlic-joe-200ml-1
Foodland Balaklava,2025-05-04 23:59:55,Van Holten's Hot Pickle,28g,N/A,$4.00,$2.00 per 100mL,https://foodlandbalaklava.com.au//lines/van-holtens-pickle-jumbo-hot-spicy-200ml-1
Foodland Balaklava,2025-05-04 23:59:55,Van Holten’​S Jumbo Dill Pickle,28g,N/A,$4.00,$2.00 per 100g,https://foodlandbalaklava.com.au//lines/van-holtens-pickle-jumbo-dill-200gm-1
Foodland Balaklava,2025-05-04 23:59:55,Van Holten’​S Sour Sis Pickle,28g,N/A,$4.00,$2.00 per 100g,https://foodlandbalaklava.com.au//lines/van-holtens-pickle-sour-sis-200gm-1
Foodland Balaklava,2025-05-04 23:59:55,Vanish Napisan Crystal White Stain Remover Powder,1kg,was $12.10,$10.00,$10.00 per kg,https://foodlandbalaklava.com.au//lines/napisan-oxiaction-cry-wht-1kg
Foodland Balaklava,2025-05-04 23:59:55,Vanish Napisan Gold Crystal White Stain Remover Powder,1kg,N/A,$17.85,$17.85 per kg,https://foodlandbalaklava.com.au//lines/vanish-gold-oxi-pro-wht-1kg
Foodland Balaklava,2025-05-04 23:59:55,Vanish Napisan Gold Crystal White Stain Remover Powder,2kg,was $33.60,$23.45,$11.72 per kg,https://foodlandbalaklava.com.au//lines/vanish-gold-oxi-pro-wht-2kg
Foodland Balaklava,2025-05-04 23:59:55,Vanish Napisan Gold Multi Power Stain Remover & Laundry Booster Gel,2L,was $33.60,$29.25,$14.62 per L,https://foodlandbalaklava.com.au//lines/vanish-gold-oxi-adv-pwr-gel-2l
Foodland Balaklava,2025-05-04 23:59:55,Vanish Napisan Gold Oxi Action Stain Remover Powder,3kg,was $44.10,$34.00,$11.33 per kg,https://foodlandbalaklava.com.au//lines/vanish-gold-oxi-pro-3kg
Foodland Balaklava,2025-05-04 23:59:55,Vanish Napisan Gold Pro Oxi Action Crystal White Stain Remover Powder,1kg,N/A,$19.95,$19.95 per kg,https://foodlandbalaklava.com.au//lines/vanish-pwdr-gold-pro-white-1kg
Foodland Balaklava,2025-05-04 23:59:55,Vanish Napisan Gold Pro Oxi Action Crystal White Stain Remover Powder,2kg,N/A,$37.80,$18.90 per kg,https://foodlandbalaklava.com.au//lines/vanish-pwdr-gold-pro-white-2kg
Foodland Balaklava,2025-05-04 23:59:55,Vanish Napisan Gold Pro Oxi Action Stain Remover Powder,1kg,N/A,$19.95,$19.95 per kg,https://foodlandbalaklava.com.au//lines/vanish-pwdr-gold-pro-pink-1kg
Foodland Balaklava,2025-05-04 23:59:55,Vanish Preen Gold 3in1 Deep Cleaning Foam,600g,N/A,$12.10,$2.02 per 100g,https://foodlandbalaklava.com.au//lines/vanish-preen-carpet-foam-600gm
Foodland Balaklava,2025-05-04 23:59:55,Vanish Preen Gold 3in1 Stain Removal Spray,410mL,was $12.10,$8.25,$2.01 per 100mL,https://foodlandbalaklava.com.au//lines/vanish-preen-gold-stn-rem410ml
Foodland Balaklava,2025-05-04 23:59:55,Vanish Preen Gold White Trigger,450mL,N/A,$10.00,$22.22 per L,https://foodlandbalaklava.com.au//lines/vanish-gold-pro-whte-trg-450ml
Foodland Balaklava,2025-05-04 23:59:55,Vaseline Expert Care Body Lotion For Very Dry Skin Dry Skin Rescue Dermatologically Tested,550mL,was $15.00,$7.50,$1.36 per 100mL,https://foodlandbalaklava.com.au//lines/vaseline-b-ltn-ec-dry-skn550ml
Foodland Balaklava,2025-05-04 23:59:55,Vaseline Expert Care Body Lotion Visibly Firmer,550mL,was $15.00,$7.50,$1.36 per 100mL,https://foodlandbalaklava.com.au//lines/vaseline-b-ltn-ec-vis-frm550ml
Foodland Balaklava,2025-05-04 23:59:55,Vaseline Hair Tonic Original,100mL,N/A,$7.55,$7.55 per 100mL,https://foodlandbalaklava.com.au//lines/vaseline-hair-tonic-lge-100ml
Foodland Balaklava,2025-05-04 23:59:55,Vaseline Intensive Care Aloe Soothe Refreshes Dehydrated Skin Aloe Soothe 48h Moisturising Skin Care,225mL,was $7.35,$3.25,$1.44 per 100mL,https://foodlandbalaklava.com.au//lines/vaseline-b-ltn-aloe-frsh-225ml
Foodland Balaklava,2025-05-04 23:59:55,Vaseline Intensive Care Body Lotion For Dry Skin Cocoa Glow 48h Moisturising Skin Care,225mL,was $7.35,$3.25,$1.44 per 100mL,https://foodlandbalaklava.com.au//lines/vaseline-b-ltn-cocoa-225ml
Foodland Balaklava,2025-05-04 23:59:55,Vaseline Intensive Care Body Lotion For Dry Skin Cocoa Glow 48h Moisturising Skin Care,750mL,was $16.80,$13.60,$1.81 per 100mL,https://foodlandbalaklava.com.au//lines/vaseline-b-ltn-c-btr-750ml
Foodland Balaklava,2025-05-04 23:59:55,Vaseline Intensive Care Body Lotion Refreshes Dehydrated Skin Aloe Soothe 48h Moisturising Skin Care,750mL,was $16.80,$13.60,$1.81 per 100mL,https://foodlandbalaklava.com.au//lines/vaseline-i-c-lot-aloe-pmp750ml
Foodland Balaklava,2025-05-04 23:59:55,"Vaseline Intensive Care Cocoa Glow Body Lotion For A Beautiful, Radiant Glow",400mL,was $11.05,$5.25,$1.31 per 100mL,https://foodlandbalaklava.com.au//lines/vaseline-b-ltn-cocoa-400ml
Foodland Balaklava,2025-05-04 23:59:55,"Vaseline Intensive Care Deep Restore Body Lotion For Nourished, Healthy-Looking Skin",225mL,was $7.35,$3.25,$1.44 per 100mL,https://foodlandbalaklava.com.au//lines/vaseline-b-ltn-nourishing225ml
Foodland Balaklava,2025-05-04 23:59:55,"Vaseline Intensive Care Deep Restore Body Lotion For Nourished, Healthy-Looking Skin",400mL,was $11.05,$5.25,$1.31 per 100mL,https://foodlandbalaklava.com.au//lines/vaseline-b-ltn-dp-restore400ml
Foodland Balaklava,2025-05-04 23:59:55,"Vaseline Intensive Care Deep Restore Body Lotion For Nourished, Healthy-Looking Skin",75mL,was $4.75,$2.25,$3.00 per 100mL,https://foodlandbalaklava.com.au//lines/vaseline-i-c-deep-restore-75ml
Foodland Balaklava,2025-05-04 23:59:55,"Vaseline Intensive Care Deep Restore For Nourished, Healthy-Looking Skin Deep Restore 48h Moisturising Skin Care",750mL,was $16.80,$13.60,$1.81 per 100mL,https://foodlandbalaklava.com.au//lines/vaseline-b-ltn-nourish-750ml
Foodland Balaklava,2025-05-04 23:59:55,Vaseline Petroleum Jelly Original,100g,N/A,$5.80,$5.80 per 100g,https://foodlandbalaklava.com.au//lines/vaseline-petroleum-jelly-100gm
Foodland Balaklava,2025-05-04 23:59:56,Veet Expert Legs And Body Wax Strips For Normal Skin 20s,N/A,N/A,$12.10,$0.60 Each,https://foodlandbalaklava.com.au//lines/veet-wax-strips-cld-lg-bdy-20s
Foodland Balaklava,2025-05-04 23:59:56,Veet Pure Hair Removal Cream Legs And Body Sensitive Skin,400mL,N/A,$22.05,$5.51 per 100mL,https://foodlandbalaklava.com.au//lines/veet-hair-crm-sen-400ml
Foodland Balaklava,2025-05-04 23:59:56,Vegan Dip Bas Spinach Cashew250g,N/A,was $8.00,$6.65,$2.66 per 100g,https://foodlandbalaklava.com.au//lines/vegan-dip-bas-spinach-cashew250g
Foodland Balaklava,2025-05-04 23:59:56,Vegan Mini Van M/​Mallow,142g,N/A,$7.00,$4.93 per 100g,https://foodlandbalaklava.com.au//lines/vegan-mini-van-m-mallow-142g
Foodland Balaklava,2025-05-04 23:59:56,Vege Chips Chicken Style 'Available In The Health Food Aisle',100g,was $5.15,$2.45,$2.45 per 100g,https://foodlandbalaklava.com.au//lines/ajitas-veg-chip-chicken-100gm
Foodland Balaklava,2025-05-04 23:59:56,Vege Chips Rice Cracker Sour Cream & Chives,75g,N/A,$5.15,$6.87 per 100g,https://foodlandbalaklava.com.au//lines/ajitas-vege-rice-s-crm-chv75gm
Foodland Balaklava,2025-05-04 23:59:56,Vege Rice Crackers Honey Soy,75g,N/A,$5.15,$6.87 per 100g,https://foodlandbalaklava.com.au//lines/ajitas-vege-rice-crkrs-hny75gm
Foodland Balaklava,2025-05-04 23:59:56,Vegemite,150g,N/A,$4.20,$2.80 per 100g,https://foodlandbalaklava.com.au//lines/vegemite-150gm-1
Foodland Balaklava,2025-05-04 23:59:56,Vegemite 40% Less Salt^,235g,N/A,$5.80,$2.47 per 100g,https://foodlandbalaklava.com.au//lines/vegemite-40-less-salt-235gm
Foodland Balaklava,2025-05-04 23:59:56,Vegemite Spread Gluten Free,235g,N/A,$5.80,$2.47 per 100g,https://foodlandbalaklava.com.au//lines/vegemite-gluten-free-235gm
Foodland Balaklava,2025-05-04 23:59:56,Vegemite Squeezy,200g,was $4.95,$4.30,$2.15 per 100g,https://foodlandbalaklava.com.au//lines/vegemite-squeezy-200gm
Foodland Balaklava,2025-05-04 23:59:56,Vegemite Squeezy,350g,N/A,$7.65,$2.19 per 100g,https://foodlandbalaklava.com.au//lines/vegemite-squeezy-350gm
Foodland Balaklava,2025-05-04 23:59:56,Vegeta Gourmet Stock Powder,250g,N/A,$5.10,$0.20 per 10g,https://foodlandbalaklava.com.au//lines/podravka-vegeta-gmet-stock250g
Foodland Balaklava,2025-05-04 23:59:56,Vegeta Stock Pot Beef 4p,112g,was $4.20,$3.80,$3.39 per 100g,https://foodlandbalaklava.com.au//lines/vegeta-stock-pot-beef-4p-112g
Foodland Balaklava,2025-05-04 23:59:56,Velvet Laundry Soap,500g,was $4.75,$4.10,$8.20 per kg,https://foodlandbalaklava.com.au//lines/velvet-laundry-soap-500gm-1
Foodland Balaklava,2025-05-04 23:59:56,Velvet Sorbolene Beauty Bar 200,200g,was $4.50,$4.20,$2.10 per 100g,https://foodlandbalaklava.com.au//lines/velvet-soap-sorbol-2pk-200gm
Foodland Balaklava,2025-05-04 23:59:56,Vicks Baby Balsam Soothing Comfort For Babies,50g,N/A,$11.05,$22.10 per 100g,https://foodlandbalaklava.com.au//lines/vicks-baby-balsam-50gm
Foodland Balaklava,2025-05-04 23:59:56,Vicks Inhaler Nasal Congestant Cold,0.5mL,N/A,$9.35,N/A,https://foodlandbalaklava.com.au//lines/vicks-inhaler
Foodland Balaklava,2025-05-04 23:59:56,Vicks Inhaler Twin Pack Nasal Congestant Cold,2 x 0.5mL,N/A,$17.20,$8.60 Each,https://foodlandbalaklava.com.au//lines/vicks-inhaler-twin-pk
Foodland Balaklava,2025-05-04 23:59:56,Vicks Vapodrops +​Cough Honey Lemon Menthol 16 Lozenges,N/A,N/A,$6.85,$0.43 Each,https://foodlandbalaklava.com.au//lines/vicks-vdrop-cough-hyn-lem-16s
Foodland Balaklava,2025-05-04 23:59:56,Vicks Vapodrops Butter Menthol Cough Cold 42 Lozenges,N/A,N/A,$8.95,$0.21 Each,https://foodlandbalaklava.com.au//lines/vicks-vapodrops-butr-menth-42s
Foodland Balaklava,2025-05-04 23:59:56,Vicks Vapodrops Cooling Peppermint Lozenges 24 Pack,N/A,N/A,$6.20,$0.26 Each,https://foodlandbalaklava.com.au//lines/vicks-vapodrops-peppermint-24s
Foodland Balaklava,2025-05-04 23:59:56,Vicks Vapodrops Menthol Cough Cold 24 Lozenges,N/A,N/A,$6.20,$0.26 Each,https://foodlandbalaklava.com.au//lines/vicks-vapodrops-original-24s
Foodland Balaklava,2025-05-04 23:59:56,Vicks Vapodrops Menthol Cough Cold 42 Lozenges,N/A,N/A,$8.95,$0.21 Each,https://foodlandbalaklava.com.au//lines/vicks-vapodrops-original-42s
Foodland Balaklava,2025-05-04 23:59:56,Vicks Vapodrops Xtra Strong - 16 Menthol Blast Lozenges,N/A,N/A,$7.55,$0.47 Each,https://foodlandbalaklava.com.au//lines/vicks-vdrops-x-str-menthol-16s
Foodland Balaklava,2025-05-04 23:59:56,Vicks Vapodrops Xtra Strong Cough Lemon Menthol 36 Lozenges,N/A,N/A,$16.90,$0.47 Each,https://foodlandbalaklava.com.au//lines/vicks-vdrops-x-str-lmn-mnth36s
Foodland Balaklava,2025-05-04 23:59:56,Vicks Vapodrops Xtra Strong Lemon Menthol Blast 16 Lozenges,N/A,N/A,$8.95,$0.56 Each,https://foodlandbalaklava.com.au//lines/vicks-vdrops-x-str-lmn-mnth16s
Foodland Balaklava,2025-05-04 23:59:56,Vicks Vaporub No Touch Applicator Decongestant Cough Cold Rub,35g,N/A,$14.20,$40.57 per 100g,https://foodlandbalaklava.com.au//lines/vicks-vaporub-e-aplictr-35gm
Foodland Balaklava,2025-05-04 23:59:56,Vileda Ansell Dermo Plus Gloves 1-Pair - L,N/A,N/A,$4.20,N/A,https://foodlandbalaklava.com.au//lines/ansell-glove-der-plus-lge-1pr
Foodland Balaklava,2025-05-04 23:59:56,Vileda Ansell Dermo Plus Gloves 1-Pair - M,N/A,N/A,$4.20,N/A,https://foodlandbalaklava.com.au//lines/ansell-glove-der-plus-med-1pr
Foodland Balaklava,2025-05-04 23:59:56,Vileda Ansell Flexfit Gloves 1-Pair - L,N/A,N/A,$7.35,N/A,https://foodlandbalaklava.com.au//lines/ansell-glove-hyflex-lge-1pr
Foodland Balaklava,2025-05-04 23:59:56,Vileda Ansell Flexfit Gloves 1-Pair - M,N/A,N/A,$7.35,N/A,https://foodlandbalaklava.com.au//lines/ansell-glove-hyflex-med-1pr
Foodland Balaklava,2025-05-04 23:59:56,Vileda Ansell General Purpose Nitrile Gloves Medium / Large 50pack,N/A,N/A,$14.20,$0.28 Each,https://foodlandbalaklava.com.au//lines/vileda-glove-gen-purp-nitr50s
Foodland Balaklava,2025-05-04 23:59:56,Vileda Ansell Handy Clean Multi-Purpose Latex Gloves 100pk - M/​L 100pk,N/A,was $19.45,$16.45,$0.16 Each,https://foodlandbalaklava.com.au//lines/ansell-glove-disp-clean-100pk
Foodland Balaklava,2025-05-04 23:59:56,Vileda Ansell Handy Clean Multi-Purpose Latex Gloves 24pk - M/​L 24pk,N/A,N/A,$6.85,$0.29 Each,https://foodlandbalaklava.com.au//lines/ansell-glove-disp-clean-24pk
Foodland Balaklava,2025-05-04 23:59:56,Vileda Ansell Handy Clean Multi-Purpose Latex Gloves 50pk - M/​L 50pk,N/A,N/A,$16.30,$0.33 Each,https://foodlandbalaklava.com.au//lines/ansell-glove-disp-clean-50pk
Foodland Balaklava,2025-05-04 23:59:56,Vileda Ansell Handy Fresh Nitrile Disposable Gloves Large 100 Pack,N/A,N/A,$18.50,$0.18 Each,https://foodlandbalaklava.com.au//lines/vileda-glove-h-frsh-nitr-l100s
Foodland Balaklava,2025-05-04 23:59:56,Vileda Ansell Handy Fresh Nitrile Gloves 100pk - M,N/A,N/A,$18.50,$0.18 Each,https://foodlandbalaklava.com.au//lines/vileda-glove-h-frsh-nitr-m100s
Foodland Balaklava,2025-05-04 23:59:56,Vileda Ansell Handy Fresh Nitrile Gloves 24pk - M,N/A,N/A,$6.83,$0.28 Each,https://foodlandbalaklava.com.au//lines/vileda-glove-h-frsh-nitr-24s
Foodland Balaklava,2025-05-04 23:59:56,Vileda Ansell Heavy Duty Gloves 1-Pair - L,N/A,N/A,$4.73,N/A,https://foodlandbalaklava.com.au//lines/ansell-glove-h-duty-lge-1pk
Foodland Balaklava,2025-05-04 23:59:56,Vileda Ansell Heavy Duty Gloves 1-Pair - M,N/A,N/A,$4.73,N/A,https://foodlandbalaklava.com.au//lines/ansell-glove-h-duty-med-1pk
Foodland Balaklava,2025-05-04 23:59:56,Vileda Ansell Poly Single Use Disposable Gloves 50pk - M/​L,N/A,N/A,$2.95,$0.06 Each,https://foodlandbalaklava.com.au//lines/ansell-gloves-poly
Foodland Balaklava,2025-05-04 23:59:56,Vileda Ansell Smart Sensation Gloves 1-Pair - M,N/A,N/A,$2.31,N/A,https://foodlandbalaklava.com.au//lines/ansell-gloves-smart-medium
Foodland Balaklava,2025-05-04 23:59:56,Vileda Ansell Smart Sensation Gloves 1-Pair - S,N/A,N/A,$2.31,N/A,https://foodlandbalaklava.com.au//lines/ansell-gloves-smart-small
Foodland Balaklava,2025-05-04 23:59:56,Vileda Ansell Smooth Silverlined Gloves 1-Pair - L,N/A,was $3.80,$2.95,N/A,https://foodlandbalaklava.com.au//lines/ansell-glove-pnk-sline-lge-1pr
Foodland Balaklava,2025-05-04 23:59:56,Vileda Ansell Smooth Silverlined Gloves 1-Pair - M,N/A,was $3.80,$2.95,N/A,https://foodlandbalaklava.com.au//lines/ansell-glove-pnk-sline-med-1pr
Foodland Balaklava,2025-05-04 23:59:56,Vileda Ansell Smooth Silverlined Gloves 1-Pair - S,N/A,N/A,$3.78,N/A,https://foodlandbalaklava.com.au//lines/ansell-glove-pnk-sline-sml-1pr
Foodland Balaklava,2025-05-04 23:59:56,Vileda Anti-Bac Cellulose Heavy Duty Sponge Scourer 3pk,N/A,N/A,$5.25,$1.75 Each,https://foodlandbalaklava.com.au//lines/vileda-sponge-scourer-h-d-3pk
Foodland Balaklava,2025-05-04 23:59:57,Vileda Bath Magic System,N/A,N/A,$20.79,N/A,https://foodlandbalaklava.com.au//lines/vileda-mop-bath-magic
Foodland Balaklava,2025-05-04 23:59:57,Vileda Easy Wring & Clean Spin Mop 2in1 Refill,N/A,N/A,$14.70,N/A,https://foodlandbalaklava.com.au//lines/vileda-easy-wrg-cln-refill-1pk
Foodland Balaklava,2025-05-04 23:59:57,Vileda Easy Wring & Clean Turbo Spin Mop & Bucket Set,N/A,N/A,$57.50,N/A,https://foodlandbalaklava.com.au//lines/vileda-easy-wring-and-clean
Foodland Balaklava,2025-05-04 23:59:57,Vileda Power Scrub Scourer 2pk 2pk,N/A,N/A,$3.05,$1.52 Each,https://foodlandbalaklava.com.au//lines/vileda-powerscrub-2pk
Foodland Balaklava,2025-05-04 23:59:57,Vileda Pur Active Non-Scratch Sponge Scourer 2pk 2pk,N/A,N/A,$5.05,$2.52 Each,https://foodlandbalaklava.com.au//lines/vileda-scourer-sup-absorb-2pk
Foodland Balaklava,2025-05-04 23:59:57,Vileda Scrub Magic,N/A,N/A,$3.52,N/A,https://foodlandbalaklava.com.au//lines/vileda-scrub-magic
Foodland Balaklava,2025-05-04 23:59:57,Vileda Supermocio 3 Action Mop Refill,N/A,N/A,$14.60,N/A,https://foodlandbalaklava.com.au//lines/vileda-mop-supr-mic-fbr-refill
Foodland Balaklava,2025-05-04 23:59:57,Vileda Supermocio 3 Action Mop With Telescopic Handle,N/A,N/A,$24.15,N/A,https://foodlandbalaklava.com.au//lines/vileda-supermop-w-tx-handle-6
Foodland Balaklava,2025-05-04 23:59:57,Vileda Supermocio Power Press Bucket & Wringer,N/A,N/A,$23.00,N/A,https://foodlandbalaklava.com.au//lines/vileda-bucket-wringr-s-mop
Foodland Balaklava,2025-05-04 23:59:57,Vileda Supermocio Soft Mop Refill,N/A,N/A,$11.29,N/A,https://foodlandbalaklava.com.au//lines/vileda-supermop-soft-ref-1327
Foodland Balaklava,2025-05-04 23:59:57,Vileda Sweep Master Broom,N/A,N/A,$12.76,N/A,https://foodlandbalaklava.com.au//lines/vileda-broom-sweep-master
Foodland Balaklava,2025-05-04 23:59:57,Vileda Tile & Grout Brush,N/A,N/A,$5.41,N/A,https://foodlandbalaklava.com.au//lines/vileda-brush-tile-and-grout
Foodland Balaklava,2025-05-04 23:59:57,Vileda Wettex Classic Sponge Cloth 3pk,N/A,N/A,$4.95,$1.65 Each,https://foodlandbalaklava.com.au//lines/vileda-wettex-cloth-1003-3pack
Foodland Balaklava,2025-05-04 23:59:57,Vili's Chocolate Mousse,175g,N/A,$5.80,$3.31 per 100g,https://foodlandbalaklava.com.au//lines/vili-s-chocolate-mousse-175gm
Foodland Balaklava,2025-05-04 23:59:57,Vili's Fruit Trifle,270g,N/A,$5.80,$2.15 per 100g,https://foodlandbalaklava.com.au//lines/vili-s-fruit-trifle-270gm
Foodland Balaklava,2025-05-04 23:59:57,Vili's Twin Pk Cust/​Tart,300g,N/A,$8.20,$2.73 per 100g,https://foodlandbalaklava.com.au//lines/vili-s-twin-pk-cust-tart-300g
Foodland Balaklava,2025-05-04 23:59:57,Vilis Beef & Mushroom Pie Plate,500g,N/A,$12.51,$2.50 per 100g,https://foodlandbalaklava.com.au//lines/vilis-bf-m-rm-pie-plt-fam500gm
Foodland Balaklava,2025-05-04 23:59:57,Vilis Bread Leban Wht 6pk,500g,N/A,$3.30,$0.66 per 100g,https://foodlandbalaklava.com.au//lines/vilis-bread-leban-wht-5pk500gm
Foodland Balaklava,2025-05-04 23:59:57,Vilis Chicken Pie Family,500g,N/A,$12.51,$2.50 per 100g,https://foodlandbalaklava.com.au//lines/vilis-chkn-pie-plate-fam-500gm
Foodland Balaklava,2025-05-04 23:59:57,Vilis Chunky Beef Pie,180g,was $5.30,$5.10,$2.83 per 100g,https://foodlandbalaklava.com.au//lines/vilis-gment-chunk-beefpie180gm
Foodland Balaklava,2025-05-04 23:59:57,Vilis Pasty Vegetarian,150g,N/A,$5.00,$3.12 per 100g,https://foodlandbalaklava.com.au//lines/vilis-pasty-vegetarien-150gm
Foodland Balaklava,2025-05-04 23:59:57,Vilis Pie Beef Mexican,160g,N/A,$5.30,$3.31 per 100g,https://foodlandbalaklava.com.au//lines/vilis-pie-mexican-beef-160g
Foodland Balaklava,2025-05-04 23:59:57,Vilis Quiche Flrtne Plte,600g,N/A,$16.29,$2.72 per 100g,https://foodlandbalaklava.com.au//lines/vilis-quiche-flrtne-plte-600gm
Foodland Balaklava,2025-05-04 23:59:57,Vilis S/​Roll Bac & Chse,165g,N/A,$5.30,$32.12 per kg,https://foodlandbalaklava.com.au//lines/vilis-s-roll-bac-chse-165gm
Foodland Balaklava,2025-05-04 23:59:57,Vilis Vili Dog Chilli,130g,was $5.30,$5.20,$4.00 per 100g,https://foodlandbalaklava.com.au//lines/vilis-vili-dog-chilli-130gm
Foodland Balaklava,2025-05-04 23:59:57,Vili’​S Gourmet Beef Pie,500g,N/A,$11.50,$2.30 per 100g,https://foodlandbalaklava.com.au//lines/vilis-beef-pie-plate-fam-500gm
Foodland Balaklava,2025-05-04 23:59:57,Villis Beef & Creamy Potato Pie,240g,was $5.30,$5.10,$2.12 per 100g,https://foodlandbalaklava.com.au//lines/vilis-pie-potato-cottage-160gm-1
Foodland Balaklava,2025-05-04 23:59:57,Vine Valley Spiced Vinegar,750mL,was $6.30,$6.20,$0.83 per 100mL,https://foodlandbalaklava.com.au//lines/v-valy-vinegar-spice-750ml
Foodland Balaklava,2025-05-04 23:59:57,Violet Crumble,150g,N/A,$6.30,$4.20 per 100g,https://foodlandbalaklava.com.au//lines/violet-crumble-150gm
Foodland Balaklava,2025-05-04 23:59:57,Violet Crumble Honeycomb Ice Creams,N/A,was $10.50,$8.75,$2.43 per 100mL,https://foodlandbalaklava.com.au//lines/violet-crumble-i-crm-stck-4s
Foodland Balaklava,2025-05-04 23:59:57,Violet Crumble I/​Crm Tub,1L,was $10.50,$9.75,$0.98 per 100mL,https://foodlandbalaklava.com.au//lines/violet-crumble-i-crm-tub-1l
Foodland Balaklava,2025-05-04 23:59:57,Violet Cruumble Big Share Bag,280g,was $7.35,$7.00,$2.50 per 100g,https://foodlandbalaklava.com.au//lines/violet-crumble-280gm
Foodland Balaklava,2025-05-04 23:59:57,Vit Coff Grd Esp Bogof,2 x 200g,N/A,$11.65,$2.91 per 100g,https://foodlandbalaklava.com.au//lines/vit-coff-grd-esp-bogof-2x200gm
Foodland Balaklava,2025-05-04 23:59:57,Vitapet Dog Treats Chicken Sticks,400g,N/A,$20.00,$5.00 per 100g,https://foodlandbalaklava.com.au//lines/vitapet-jerhigh-chk-sticks-400gm
Foodland Balaklava,2025-05-04 23:59:57,Vitapet Dog Treats Chicken Tenders,200g,N/A,$15.25,$7.62 per 100g,https://foodlandbalaklava.com.au//lines/vitapet-chicken-tenders-200gm
Foodland Balaklava,2025-05-04 23:59:57,Vitapet Dog Treats Duck Tenders,100g,N/A,$9.45,$9.45 per 100g,https://foodlandbalaklava.com.au//lines/vitapet-duck-tenders-100g
Foodland Balaklava,2025-05-04 23:59:57,Vitapet Gold Fish Flakes,36g,N/A,$7.90,$21.94 per 100g,https://foodlandbalaklava.com.au//lines/vitapet-gold-fish-flakes-36gm
Foodland Balaklava,2025-05-04 23:59:57,Vitapet Goldfish Granules100gm,N/A,N/A,$5.65,$5.65 per 100g,https://foodlandbalaklava.com.au//lines/vitapet-goldfish-granules100gm
Foodland Balaklava,2025-05-04 23:59:57,Vitapet Jh Dog Treats Chicken Sampler,400g,N/A,$21.00,$5.25 per 100g,https://foodlandbalaklava.com.au//lines/vitapet-jerhigh-variety-400gm
Foodland Balaklava,2025-05-04 23:59:57,Vitapet Jh Dog Treats Chicken Sticks,100g,N/A,$6.30,$6.30 per 100g,https://foodlandbalaklava.com.au//lines/vitapet-jerhigh-trt-stks-100gm
Foodland Balaklava,2025-05-04 23:59:57,Vitapet Jh Dog Treats Chicken With Bacon Flavour,100g,N/A,$6.30,$6.30 per 100g,https://foodlandbalaklava.com.au//lines/vitapet-jerhigh-trt-bac-100gm
Foodland Balaklava,2025-05-04 23:59:57,Vitapet Jh Dog Treats Milky Sticks,100g,N/A,$6.30,$6.30 per 100g,https://foodlandbalaklava.com.au//lines/vitapet-jerhigh-mlk-stk-100gm
Foodland Balaklava,2025-05-04 23:59:57,Vitapet Trop Fish Flakes,36g,N/A,$10.00,$27.78 per 100g,https://foodlandbalaklava.com.au//lines/vitapet-trop-fish-flakes-36gm
Foodland Balaklava,2025-05-04 23:59:57,Vitasoy Almond Milk Unsweetened,1L,N/A,$4.20,$4.20 per L,https://foodlandbalaklava.com.au//lines/vitasoy-milk-alm-u-swt-pris-1l
Foodland Balaklava,2025-05-04 23:59:57,Vitasoy Almond Milky,1L,N/A,$3.25,$3.25 per L,https://foodlandbalaklava.com.au//lines/vitasoy-mlk-milky-almond-1l
Foodland Balaklava,2025-05-04 23:59:57,Vitasoy Barista Oat Milk,1L,N/A,$4.75,$4.75 per L,https://foodlandbalaklava.com.au//lines/vitasoy-frsh-oat-barista-1l
Foodland Balaklava,2025-05-04 23:59:57,Vitasoy Blueberry Oat Yoghurt,140g,was $3.15,$3.00,$2.14 per 100g,https://foodlandbalaklava.com.au//lines/vitasoy-ygt-oat-blubry-140gm
Foodland Balaklava,2025-05-04 23:59:57,Vitasoy Calci-Plus Soy Milk,1L,N/A,$3.55,$3.55 per L,https://foodlandbalaklava.com.au//lines/vitasoy-frsh-calci-plus-1l
Foodland Balaklava,2025-05-04 23:59:58,Vitasoy Greek Style Soy Yogurt - Hint Of Strawberry,140g,was $2.85,$2.70,$1.93 per 100g,https://foodlandbalaklava.com.au//lines/vitasoy-ygt-grk-soy-strw-140gm
Foodland Balaklava,2025-05-04 23:59:58,Vitasoy Greek Style Soy Yogurt Hint Of Vanilla,450g,was $6.10,$5.40,$1.20 per 100g,https://foodlandbalaklava.com.au//lines/vitasoy-ygt-grk-soy-van-450gm
Foodland Balaklava,2025-05-04 23:59:58,Vitasoy Oat Latte,330mL,N/A,$3.80,$11.52 per L,https://foodlandbalaklava.com.au//lines/vitasoy-oat-iced-coff-330ml
Foodland Balaklava,2025-05-04 23:59:58,Vitasoy Oat Unsweetened,1L,N/A,$4.00,$4.00 per L,https://foodlandbalaklava.com.au//lines/vitasoy-oat-u-swt-esl-1l
Foodland Balaklava,2025-05-04 23:59:58,Vitasoy Protein Plus Unsweetened Soymilk Uht,1L,N/A,$3.15,$3.15 per L,https://foodlandbalaklava.com.au//lines/vitasoy-protein-plus-uht-1l
Foodland Balaklava,2025-05-04 23:59:58,Vitasoy Soy Milk Calci-Plus,1L,N/A,$3.15,$3.15 per L,https://foodlandbalaklava.com.au//lines/vitasoy-calci-plus-uht-1l-1
Foodland Balaklava,2025-05-04 23:59:58,Vitasoy Soy Milk Original,1L,N/A,$3.15,$3.15 per L,https://foodlandbalaklava.com.au//lines/vitasoy-original-uht-1l
Foodland Balaklava,2025-05-04 23:59:58,Vitasoy Soy Milky Regular,1L,N/A,$2.45,$2.45 per L,https://foodlandbalaklava.com.au//lines/vitasoy-soy-milky-reg-uht-1l
Foodland Balaklava,2025-05-04 23:59:58,Vitasoy Soy Milky Regular Chilled,1L,N/A,$3.00,$3.00 per L,https://foodlandbalaklava.com.au//lines/vitasoy-milky-esl-1l-1
Foodland Balaklava,2025-05-04 23:59:58,Vitasoy Ygt Oat Smr Frt,140g,was $3.15,$3.00,$2.14 per 100g,https://foodlandbalaklava.com.au//lines/vitasoy-ygt-oat-smr-frt-140g
Foodland Balaklava,2025-05-04 23:59:58,Vitasoy Ygt Oat Van,450g,N/A,$6.30,$1.40 per 100g,https://foodlandbalaklava.com.au//lines/vitasoy-ygt-oat-van-450g
Foodland Balaklava,2025-05-04 23:59:58,Vittoria Chocochino Original,375g,N/A,$7.35,$1.96 per 100g,https://foodlandbalaklava.com.au//lines/vit-chocochino-choc-375gm
Foodland Balaklava,2025-05-04 23:59:58,Vittoria Coffee Beans Espresso,1kg,N/A,$54.15,$5.42 per 100g,https://foodlandbalaklava.com.au//lines/vit-coff-bn-espresso-1kg
Foodland Balaklava,2025-05-04 23:59:58,Vittoria Coffee Decaffeinated Ground Coffee,200g,N/A,$19.15,$9.58 per 100g,https://foodlandbalaklava.com.au//lines/vit-coff-grd-espress-dec-200gm
Foodland Balaklava,2025-05-04 23:59:58,Vittoria Coffee Espresso Coffee Beans,500g,N/A,$23.10,$4.62 per 100g,https://foodlandbalaklava.com.au//lines/vit-coff-bn-espresso-500gm
Foodland Balaklava,2025-05-04 23:59:58,Vittoria Coffee Espresso Ground Coffee,1kg,N/A,$54.15,$5.42 per 100g,https://foodlandbalaklava.com.au//lines/vit-coff-grd-espresso-1kg
Foodland Balaklava,2025-05-04 23:59:58,Vittoria Coffee Espresso Ground Coffee,200g,N/A,$15.60,$7.80 per 100g,https://foodlandbalaklava.com.au//lines/vit-coff-grd-espresso-200gm
Foodland Balaklava,2025-05-04 23:59:58,Vittoria Coffee Italian Blend Coffee Beans,1kg,N/A,$50.20,$5.02 per 100g,https://foodlandbalaklava.com.au//lines/vit-coff-bn-italian-blend-1kg
Foodland Balaklava,2025-05-04 23:59:58,Viva Select-A-Size Double Length Paper Towel 2 Pack,N/A,was $7.90,$6.00,$2.50 per 100 Sheets,https://foodlandbalaklava.com.au//lines/viva-twl-sel-a-sze-dbl-lngth2s
Foodland Balaklava,2025-05-04 23:59:58,Vo5 Hairspray Extra Hold,200g,was $5.80,$5.50,$2.75 per 100g,https://foodlandbalaklava.com.au//lines/vo5-adv-h-spray-ex-firm-200gm
Foodland Balaklava,2025-05-04 23:59:58,Vo5 Shampoo Plump It Up,250mL,was $7.90,$6.80,$2.72 per 100mL,https://foodlandbalaklava.com.au//lines/vo5-dry-s-poo-plump-it-250ml
Foodland Balaklava,2025-05-04 23:59:58,Vo5 Style Wax Firm Hold Spritz,200mL,was $5.80,$5.50,$2.75 per 100mL,https://foodlandbalaklava.com.au//lines/vo5-adv-h-spry-f-hld-pump200ml
Foodland Balaklava,2025-05-04 23:59:58,Vogue Ogx Ogx Ever Straightening + Smoothing & Shine Brazilian Keratin Therapy Conditioner For Frizzy Hair,385mL,was $23.00,$16.60,$4.31 per 100mL,https://foodlandbalaklava.com.au//lines/ogx-cond-strght-braz-t-py385ml-1
Foodland Balaklava,2025-05-04 23:59:58,Vogue Ogx Ogx Ever Straightening + Smoothing & Shine Brazilian Keratin Therapy Shampoo For Frizzy Hair,385mL,was $23.00,$16.60,$4.31 per 100mL,https://foodlandbalaklava.com.au//lines/ogx-s-poo-brz-kertin-385ml-1
Foodland Balaklava,2025-05-04 23:59:58,Vogue Ogx Ogx Extra Strength Damage Remedy + Hydrating & Repairing Coconut Miracle Oil Conditioner For Damaged & Dry Hair,385mL,was $25.00,$18.05,$4.69 per 100mL,https://foodlandbalaklava.com.au//lines/ogx-cond-c-nut-mircl-oil-385ml-1
Foodland Balaklava,2025-05-04 23:59:58,Vogue Ogx Ogx Extra Strength Damage Remedy + Hydrating & Repairing Coconut Miracle Oil Shampoo For Damaged & Dry Hair,385mL,was $25.00,$18.05,$4.69 per 100mL,https://foodlandbalaklava.com.au//lines/ogx-s-poo-c-nut-mrcle-oil385ml-1
Foodland Balaklava,2025-05-04 23:59:58,Vogue Ogx Ogx Nourishing + Hydrating Coconut Milk Conditioner For Dry Hair,385mL,was $23.00,$16.60,$4.31 per 100mL,https://foodlandbalaklava.com.au//lines/ogx-cond-cnut-milk-385ml-2
Foodland Balaklava,2025-05-04 23:59:58,Vogue Ogx Ogx Renewing + Hydrating & Shine Argan Oil Of Morocco Extra Penetrating Oil For Damaged & Heat Styled Hair,100mL,was $30.00,$21.65,$21.65 per 100mL,https://foodlandbalaklava.com.au//lines/ogx-oil-rnw-aom-penetrte-100ml
Foodland Balaklava,2025-05-04 23:59:58,Vogue Ogx Ogx Renewing + Repairing & Shine Argan Oil Of Morocco Conditioner For Dry & Damaged Hair,385mL,was $23.00,$16.60,$4.31 per 100mL,https://foodlandbalaklava.com.au//lines/ogx-cond-renew-argan-oil-385ml-1
Foodland Balaklava,2025-05-04 23:59:58,Vogue Ogx Ogx Renewing + Repairing & Shine Argan Oil Of Morocco Shampoo For Dry & Damaged Hair,385mL,was $23.00,$16.60,$4.31 per 100mL,https://foodlandbalaklava.com.au//lines/ogx-s-poo-renew-argan-oil385ml-1
Foodland Balaklava,2025-05-04 23:59:58,Voltanatra Pain Relief Cream,50g,N/A,$15.25,$30.50 per 100g,https://foodlandbalaklava.com.au//lines/voltanatra-pain-relief-crm50gm
Foodland Balaklava,2025-05-04 23:59:58,Voltaren Emulgel,100g,N/A,$25.20,$25.20 per 100g,https://foodlandbalaklava.com.au//lines/voltaren-emulgel-100gm
Foodland Balaklava,2025-05-04 23:59:58,Voltaren Emulgel No Mess Applicator,75g,N/A,$22.60,$30.13 per 100g,https://foodlandbalaklava.com.au//lines/voltaren-emulgel-no-mess-75gm
Foodland Balaklava,2025-05-04 23:59:58,Voltaren Pain Relief Gel 12 Hourly,100g,N/A,$33.60,$33.60 per 100g,https://foodlandbalaklava.com.au//lines/voltaren-osteo-gel-12hr-100gm
Foodland Balaklava,2025-05-04 23:59:58,Voltaren Pain Relief Gel,50g,N/A,$15.00,$30.00 per 100g,https://foodlandbalaklava.com.au//lines/voltaren-emulgel-50gm
Foodland Balaklava,2025-05-04 23:59:58,Voost Energy Orange & Mango Effervescent Vitamins Supplement To Support Energy Production 40 Tablets,N/A,N/A,$21.00,$0.52 Each,https://foodlandbalaklava.com.au//lines/voost-tab-energy-orng-mngo-40s
Foodland Balaklava,2025-05-04 23:59:58,Voost Magnesium Natural Citrus Effervescent Vitamins Supplement Support Muscle Health 40 Tablets,N/A,N/A,$21.00,$0.52 Each,https://foodlandbalaklava.com.au//lines/voost-tab-magn-nat-citrs-40s
Foodland Balaklava,2025-05-04 23:59:58,Voost Magnesium Natural Citrus Effervescent Vitamins Supplement To Helps Support Muscle Health 20 Tablets,N/A,N/A,$11.55,$0.58 Each,https://foodlandbalaklava.com.au//lines/voost-magnsum-natrl-citrus-20s
Foodland Balaklava,2025-05-04 23:59:58,Voost Multivitamin Orange Effervescent Vitamins Supplement To Support General Health & Wellbeing 20 Tablets,N/A,N/A,$11.55,$0.58 Each,https://foodlandbalaklava.com.au//lines/voost-multi-minrals-orange-20s
Foodland Balaklava,2025-05-04 23:59:58,Voost Vitamin C Blood Orange Effervescent Vitamins Supplement To Maintain Immune System Health 20 Tablets,N/A,N/A,$11.55,$0.58 Each,https://foodlandbalaklava.com.au//lines/voost-vit-c-1000mg-bld-org-20s
Foodland Balaklava,2025-05-04 23:59:58,Voss Still Water From Norway Glass Bottle,800mL,N/A,$5.95,$7.44 per L,https://foodlandbalaklava.com.au//lines/voss-still-water-800ml
Foodland Balaklava,2025-05-04 23:59:58,W/​Lichs Grlic Met Pak,375g,N/A,$11.95,N/A,https://foodlandbalaklava.com.au//lines/w-lichs-grlic-met-pak-375gm
Foodland Balaklava,2025-05-04 23:59:58,W/​Lichs Lean Beef Salami,375g,N/A,$11.95,N/A,https://foodlandbalaklava.com.au//lines/salami-lean-beef-375gm
Foodland Balaklava,2025-05-04 23:59:58,W/​Lichs Metwurst Slc,200g,N/A,$6.80,$34.00 per kg,https://foodlandbalaklava.com.au//lines/w-lichs-metwurst-slc-200gm
Foodland Balaklava,2025-05-04 23:59:58,W/​Lichs Plain Met Pak,375g,N/A,$11.95,N/A,https://foodlandbalaklava.com.au//lines/w-lichs-plain-met-pak-375gm
Foodland Balaklava,2025-05-04 23:59:58,W/​Lichs Red Wine & Gar,375g,N/A,$11.95,$3.19 per 100g,https://foodlandbalaklava.com.au//lines/w-lichs-red-wine-gar-375g
Foodland Balaklava,2025-05-04 23:59:58,W/​W Ub Good Choc Brwn Mix,475g,was $7.35,$5.90,$1.24 per 100g,https://foodlandbalaklava.com.au//lines/w-w-c-mix-unbel-brwn-chc-475g
Foodland Balaklava,2025-05-04 23:59:58,W/​W Ub Good Choc Cke Mix,565g,was $7.35,$5.90,$1.04 per 100g,https://foodlandbalaklava.com.au//lines/w-w-c-mix-unbel-choc-cke-565g
Foodland Balaklava,2025-05-04 23:59:59,Walkers After Dinner Mint Cream Thins,135g,N/A,$6.80,$5.04 per 100g,https://foodlandbalaklava.com.au//lines/walkers-after-dinner-mint-135g
Foodland Balaklava,2025-05-04 23:59:59,Walkers Milk Chocolate Turkish Thins,135g,N/A,$6.80,$5.04 per 100g,https://foodlandbalaklava.com.au//lines/walkers-mint-turk-delight-135g
Foodland Balaklava,2025-05-04 23:59:59,Waproo Waterproofer,188g,N/A,$16.95,$9.02 per 100g,https://foodlandbalaklava.com.au//lines/waproo-waterproofer-188g
Foodland Balaklava,2025-05-04 23:59:59,Wards Fruit Saline,300g,N/A,$4.85,$1.62 per 100g,https://foodlandbalaklava.com.au//lines/wards-fruit-saline-300gm
Foodland Balaklava,2025-05-04 23:59:59,Warheads Sour Jelly Beans,150g,N/A,$3.60,$2.40 per 100g,https://foodlandbalaklava.com.au//lines/warheads-jelly-beans-150g-1
Foodland Balaklava,2025-05-04 23:59:59,Water Bottle *,N/A,N/A,$20.00,N/A,https://foodlandbalaklava.com.au//lines/water-bottle
Foodland Balaklava,2025-05-04 23:59:59,Water Game My Phone Australia,N/A,N/A,$6.99,N/A,https://foodlandbalaklava.com.au//lines/water-game-my-phone-australia-1
Foodland Balaklava,2025-05-04 23:59:59,Waterfords Lite & Fruity Sparkling Natural Mineral Water Orange Passion,1L,N/A,$2.25,$2.25 per L,https://foodlandbalaklava.com.au//lines/w-fords-m-wtr-l-f-org-pas-1l
Foodland Balaklava,2025-05-04 23:59:59,Watermelon Pieces,300g,N/A,$4.50,$15.00 per kg,https://foodlandbalaklava.com.au//lines/watermelon-pieces-300g
Foodland Balaklava,2025-05-04 23:59:59,Waterwipes® Fragrance Free Sensitive Skin 60 Baby Wipes,N/A,N/A,$8.40,$14.00 Units100,https://foodlandbalaklava.com.au//lines/w-wipes-baby-wipes-60s
Foodland Balaklava,2025-05-04 23:59:59,Wattie's Heinz® Tortellini Three Cheese With Creamy Mushroom & Bacon,350g,N/A,$5.55,$1.59 per 100g,https://foodlandbalaklava.com.au//lines/hnz-toretllini-mush-bcn-350gm
Foodland Balaklava,2025-05-04 23:59:59,Wattie's® Beef Lasagne,250g,was $4.75,$4.00,$1.60 per 100g,https://foodlandbalaklava.com.au//lines/watties-beef-lasagne-250g
Foodland Balaklava,2025-05-04 23:59:59,Wattie's® Cottage Pie,270g,was $4.75,$4.00,$1.48 per 100g,https://foodlandbalaklava.com.au//lines/watties-cottage-pie-270g
Foodland Balaklava,2025-05-04 23:59:59,Wattie's® Macaroni Cheese,270g,was $4.75,$4.00,$1.48 per 100g,https://foodlandbalaklava.com.au//lines/watties-macaroni-cheese-270g
Foodland Balaklava,2025-05-04 23:59:59,Watties Baby Carrots,500g,N/A,$4.40,$8.80 per kg,https://foodlandbalaklava.com.au//lines/watties-carrots-baby-500g
Foodland Balaklava,2025-05-04 23:59:59,Wattle Valley Chunky Roasted Capsicum Dip,150g,was $4.80,$4.65,$3.10 per 100g,https://foodlandbalaklava.com.au//lines/w-valley-dip-r-cap-ft150g
Foodland Balaklava,2025-05-04 23:59:59,Wattle Valley Soft Wraps Classic White,344g,N/A,$4.70,$1.37 per 100g,https://foodlandbalaklava.com.au//lines/wv-soft-wraps-original-344gm
Foodland Balaklava,2025-05-04 23:59:59,Wattle Valley Soft Wraps Sour Dough,344g,N/A,$4.70,$1.37 per 100g,https://foodlandbalaklava.com.au//lines/wv-soft-wraps-sourdough-344gm
Foodland Balaklava,2025-05-04 23:59:59,Waxworks Citonella Lamp Oil,1L,N/A,$7.90,N/A,https://foodlandbalaklava.com.au//lines/waxworks-citonella-lamp-oil-1l
Foodland Balaklava,2025-05-04 23:59:59,Wbcc Coffee Smth & Crmy,250g,N/A,$13.99,$5.60 per 100g,https://foodlandbalaklava.com.au//lines/wbcc-coffee-smth-crmy-250g
Foodland Balaklava,2025-05-04 23:59:59,Wd-40,40g,N/A,$10.00,N/A,https://foodlandbalaklava.com.au//lines/wd40-lubricant-255gm
Foodland Balaklava,2025-05-04 23:59:59,Wd40 Lubricant Low Odour,255g,N/A,$10.00,N/A,https://foodlandbalaklava.com.au//lines/wd40-lubricant-low-odour-255g
Foodland Balaklava,2025-05-04 23:59:59,Weet-Bix Little Kids Essentials Breakfast Cereal,400g,N/A,$4.75,$1.19 per 100g,https://foodlandbalaklava.com.au//lines/sanit-weet-bix-ltl-kids-400gm
Foodland Balaklava,2025-05-04 23:59:59,Weight Watchers Frozen Meals Chicken And Mushroom Fettuccine,300g,N/A,$6.85,$2.28 per 100g,https://foodlandbalaklava.com.au//lines/w-watcher-fet-ch-mush-300gm
Foodland Balaklava,2025-05-04 23:59:59,Weight Watchers Pumpkin & Onion Ravioli,320g,N/A,$6.85,$2.14 per 100g,https://foodlandbalaklava.com.au//lines/w-watcher-pump-onion-rav-320g
Foodland Balaklava,2025-05-04 23:59:59,Weightwatchers Creamy Tuna Bake,320g,N/A,$6.85,$2.14 per 100g,https://foodlandbalaklava.com.au//lines/w-watcher-meal-tuna-bake-320gm-1
Foodland Balaklava,2025-05-04 23:59:59,Weightwatchers Mushroom & Pumpkin Risotto,320g,N/A,$6.85,$2.14 per 100g,https://foodlandbalaklava.com.au//lines/w-watcher-cmy-mrm-pmp-ris320gm-1
Foodland Balaklava,2025-05-04 23:59:59,Weis Half & Half Ice Cream And Sorbet Mango & Vanilla,1L,N/A,$10.50,$1.05 per 100mL,https://foodlandbalaklava.com.au//lines/weis-hlf-hlf-i-crm-mngo-van-1l
Foodland Balaklava,2025-05-04 23:59:59,Well & Good Bakery Choc Chip Hot Cross Buns,280g,N/A,$9.00,$3.21 per 100g,https://foodlandbalaklava.com.au//lines/w-g-g-f-hox-x-buns-choc-280g
Foodland Balaklava,2025-05-04 23:59:59,Well & Good Bakery Hot Cross Buns,280g,N/A,$9.00,$3.21 per 100g,https://foodlandbalaklava.com.au//lines/w-g-g-f-hox-x-buns-fruit-280g
Foodland Balaklava,2025-05-04 23:59:59,Well & Good Chocolate Mud Cake Mix,475g,N/A,$7.99,$1.78 per 100g,https://foodlandbalaklava.com.au//lines/w-g-ch-mud-cake-mix-frst-gf-450g
Foodland Balaklava,2025-05-04 23:59:59,Well & Good Gluten Free Pastry Flour,400g,N/A,$7.49,$1.87 per 100g,https://foodlandbalaklava.com.au//lines/w-g-g-f-pastry-flour-400gm
Foodland Balaklava,2025-05-04 23:59:59,Well & Good Gluten Free Self Raising Flour Blend,1kg,N/A,$8.99,$0.90 per 100g,https://foodlandbalaklava.com.au//lines/w-g-g-f-s-raising-flour-1kg-1
Foodland Balaklava,2025-05-04 23:59:59,Well & Good Plain Flour Gluten Free,1kg,N/A,$8.99,$0.90 per 100g,https://foodlandbalaklava.com.au//lines/w-g-g-f-plain-flour-1kg
Foodland Balaklava,2025-05-04 23:59:59,Well And Good All Purpose Cake Mix,400g,N/A,$7.49,$1.66 per 100g,https://foodlandbalaklava.com.au//lines/w-g-all-purpose-cake-mix-gf-450g-1
Foodland Balaklava,2025-05-04 23:59:59,Well And Good Gluten Free Muffin Mix,400g,N/A,$7.59,$1.90 per 100g,https://foodlandbalaklava.com.au//lines/w-g-muilti-purpose-muffin-mix-400g
Foodland Balaklava,2025-05-04 23:59:59,Well And Good Lemon Coconut Slice,475g,N/A,$7.99,$1.78 per 100g,https://foodlandbalaklava.com.au//lines/w-g-lem-cnt-cke-gji-frst-gf-450g
Foodland Balaklava,2025-05-04 23:59:59,Well Naturally Nsa Milk Chocolate Creamy Milk,45g,N/A,$4.20,$9.33 per 100g,https://foodlandbalaklava.com.au//lines/well-nat-creamy-milk-nsa-45gm
Foodland Balaklava,2025-05-04 23:59:59,Werther's Original Caramel Cream Candies Roll 150g,3 x 50g,was $5.45,$4.40,$2.93 per 100g,https://foodlandbalaklava.com.au//lines/werthers-cream-candies3x50gm
Foodland Balaklava,2025-05-04 23:59:59,Werther's Original Caramel Cream Candies,50g,N/A,$2.65,$5.30 per 100g,https://foodlandbalaklava.com.au//lines/werthers-orig-butter-candy50gm
Foodland Balaklava,2025-05-04 23:59:59,Werther's Original Caramel Cream Candies Minis No Sugar Added,42g,N/A,$2.80,$6.67 per 100g,https://foodlandbalaklava.com.au//lines/werthers-candy-crm-sug-fr-42gm
Foodland Balaklava,2025-05-04 23:59:59,Werther's Original Caramel Cream Candies No Sugar Added,60g,N/A,$5.45,$9.08 per 100g,https://foodlandbalaklava.com.au//lines/werthers-orig-sugar-free-60gm
Foodland Balaklava,2025-05-04 23:59:59,Western Star Spreadable Soft 'N'less Salt,375g,was $6.30,$5.20,$1.39 per 100g,https://foodlandbalaklava.com.au//lines/w-star-spreadable-s-r-375gm
Foodland Balaklava,2025-05-04 23:59:59,Western Star Spreadable Supersoft,375g,was $6.30,$5.20,$1.39 per 100g,https://foodlandbalaklava.com.au//lines/w-star-supersoft-375gm
Foodland Balaklava,2025-05-04 23:59:59,Western Star Unsalted Butter,250g,was $5.45,$4.50,$1.80 per 100g,https://foodlandbalaklava.com.au//lines/w-star-butter-unsalted-250gm
Foodland Balaklava,2025-05-04 23:59:59,Wet Ones Be Fresh Wipes 80 Pack,N/A,N/A,$7.35,$9.19 Units100,https://foodlandbalaklava.com.au//lines/wet-ones-be-gntl-a-bac-wipe80s
Foodland Balaklava,2025-05-04 23:59:59,Wet Ones Be Gentle Canister 50 Pack,N/A,N/A,$7.90,$15.80 Units100,https://foodlandbalaklava.com.au//lines/wet-ones-be-gentle-canistr-50s
Foodland Balaklava,2025-05-04 23:59:59,Wet Ones Be Gentle Wipes 40 Pack,N/A,N/A,$4.85,$12.12 Units100,https://foodlandbalaklava.com.au//lines/wet-ones-be-gntl-a-bac-wipe40s
Foodland Balaklava,2025-05-05 00:00:01,Whiskas 1 + Years Adult Wet Cat Food With Ocean Fish Loaf Can,400g,was $2.85,$2.45,$0.61 per 100g,https://foodlandbalaklava.com.au//lines/whiskas-ocean-fish-platt-400gm
Foodland Balaklava,2025-05-05 00:00:01,Whiskas 1+ Years Adult Dry Cat Food With Sardine & Prawn Bag,1.8kg,was $15.25,$11.00,$0.61 per 100g,https://foodlandbalaklava.com.au//lines/whiskas-adlt-sard-prwn-1-8kgm
Foodland Balaklava,2025-05-05 00:00:01,Whiskas 1+ Years Adult Furball Dry Cat Food With Sardine & Prawn Bag,800g,N/A,$7.35,$0.92 per 100g,https://foodlandbalaklava.com.au//lines/whiskas-adlt-srdn-prwn-800gm
Foodland Balaklava,2025-05-05 00:00:01,Whiskas 1+ Years Adult So Meaty Wet Cat Food With Meat Cuts In Gravy (​12x85g) Pouch,12 x 85g,was $15.25,$10.15,$1.00 per 100g,https://foodlandbalaklava.com.au//lines/whiskas-o-s-meat-mvms-12x85gm
Foodland Balaklava,2025-05-05 00:00:01,Whiskas 1+ Years Adult So Meaty Wet Cat Food With Meat Cuts In Gravy Pouch,24 x 85g,was $27.30,$23.00,$1.13 per 100g,https://foodlandbalaklava.com.au//lines/whiskas-so-meaty-meat-24x85gm
Foodland Balaklava,2025-05-05 00:00:01,Whiskas 1+ Years Adult Wet Cat Food With Beef Casserole Can,400g,was $2.85,$2.45,$0.61 per 100g,https://foodlandbalaklava.com.au//lines/whiskas-casrole-bf-chick-400gm
Foodland Balaklava,2025-05-05 00:00:01,Whiskas 1+ Years Adult Wet Cat Food With Beef Loaf Can,400g,was $2.85,$2.45,$0.61 per 100g,https://foodlandbalaklava.com.au//lines/whiskas-beef-loaf-400gm
Foodland Balaklava,2025-05-05 00:00:01,Whiskas 1+ Years Adult Wet Cat Food With Chicken Loaf Can,400g,was $2.85,$2.45,$0.61 per 100g,https://foodlandbalaklava.com.au//lines/whiskas-chicken-loaf-400gm
Foodland Balaklava,2025-05-05 00:00:01,Whiskas 1+ Years Adult Wet Cat Food With Tuna Loaf Can,400g,was $2.85,$2.45,$0.61 per 100g,https://foodlandbalaklava.com.au//lines/whiskas-sardine-tuna-400gm
Foodland Balaklava,2025-05-05 00:00:01,Whiskas 7+ Years Adult Dry Cat Food With Tuna & Sardine Bag,1.8kg,was $15.25,$11.00,$0.61 per 100g,https://foodlandbalaklava.com.au//lines/whiskas-7-tuna-sardine-1-8kg
Foodland Balaklava,2025-05-05 00:00:01,Whiskas 7+ Years Adult Dry Cat Food With Tuna & Sardine Bag,800g,N/A,$7.35,$0.92 per 100g,https://foodlandbalaklava.com.au//lines/whiskas-adlt-7-tuna-srdn-800gm
Foodland Balaklava,2025-05-05 00:00:01,Whiskas 7+ Years Adult Wet Cat Food Mixed Favourites In Jelly Pouch,12 x 85g,N/A,$13.00,$1.27 per 100g,https://foodlandbalaklava.com.au//lines/whiskas-fav-7-mxd-jly-12x85gm
Foodland Balaklava,2025-05-05 00:00:01,Whiskas Adult Wet Cat Food Jellymeat Loaf Can,400g,was $2.85,$2.45,$0.61 per 100g,https://foodlandbalaklava.com.au//lines/whiskas-jellymeat-400gm
Foodland Balaklava,2025-05-05 00:00:01,Whiskas Cat Kitten Treat Milk Plus Carton,1L,N/A,$5.80,$0.58 per 100mL,https://foodlandbalaklava.com.au//lines/whiskas-milk-plus-1l
Foodland Balaklava,2025-05-05 00:00:01,Whiskas Furball 1+ Years Adult Dry Cat Food Sardine & Prawn Flavours Bag,800g,N/A,$7.35,$0.92 per 100g,https://foodlandbalaklava.com.au//lines/whiskas-adlt-f-b-srd-prwn800gm4
Foodland Balaklava,2025-05-05 00:00:01,Whiskas® 1+ Years Adult Wet Cat Food With Chicken Favourites In Gravy Pouch,12 x 85g,N/A,$13.00,$1.27 per 100g,https://foodlandbalaklava.com.au//lines/whiskas-fav-chk-mvms-12x85gm
Foodland Balaklava,2025-05-05 00:00:01,Whiskas® 1+ Years Adult Wet Cat Food With Tuna Favourites In Jelly Pouch,24 x 85g,was $22.60,$21.00,$1.03 per 100g,https://foodlandbalaklava.com.au//lines/whiskas-fav-tuna-in-jly24x85gm
Foodland Balaklava,2025-05-05 00:00:01,Whiskas® 2-12 Months Kitten Wet Cat Food With Chicken Favourites In Gravy Pouch,12 x 85g,N/A,$13.00,$1.27 per 100g,https://foodlandbalaklava.com.au//lines/whiskas-fav-kttn-ch-mvms12x85g
Foodland Balaklava,2025-05-05 00:00:01,White King 5 In 1 Oxy Lift Booster,1kg,was $8.55,$7.45,$7.45 per kg,https://foodlandbalaklava.com.au//lines/white-king-lift-booster-1kg-1
Foodland Balaklava,2025-05-05 00:00:01,White King Bleach Spray Lemon,500mL,was $5.25,$4.70,$9.40 per L,https://foodlandbalaklava.com.au//lines/white-king-blch-spry-lem-500ml
Foodland Balaklava,2025-05-05 00:00:01,White King Disinfectant Cleaner,1L,was $6.50,$5.60,$0.56 per 100mL,https://foodlandbalaklava.com.au//lines/white-king-disin-cln-gel-cit1l
Foodland Balaklava,2025-05-05 00:00:01,White King Disinfectant Cleaner Citrus,500mL,N/A,$5.90,$1.18 per 100mL,https://foodlandbalaklava.com.au//lines/white-king-disin-cln-citr500ml
Foodland Balaklava,2025-05-05 00:00:01,White King Fabric Stain Lift,500mL,N/A,$5.25,$1.05 per 100mL,https://foodlandbalaklava.com.au//lines/white-king-stain-lift-fab500ml
Foodland Balaklava,2025-05-05 00:00:01,White King Lemon 40 Bleach Tablets,N/A,N/A,$6.40,$4.00 per 100g,https://foodlandbalaklava.com.au//lines/white-king-blch-tblt-lemn-40pk
Foodland Balaklava,2025-05-05 00:00:01,White King Mould & Soap Scum Remover Lemon,500mL,was $7.10,$5.60,$11.20 per L,https://foodlandbalaklava.com.au//lines/white-king-mould-scum-rem500ml
Foodland Balaklava,2025-05-05 00:00:01,White King Multi-Purpose Power Cleaner Lemon,1L,was $5.40,$3.90,$0.39 per 100mL,https://foodlandbalaklava.com.au//lines/white-king-power-cln-lemon-1l
Foodland Balaklava,2025-05-05 00:00:01,White King Power Clean Blocks,50g,was $5.90,$5.10,$5.10 per 100g,https://foodlandbalaklava.com.au//lines/white-king-blch-blu-blck2x50gm
Foodland Balaklava,2025-05-05 00:00:01,White King Premium Bleach Lavender,2.5L,N/A,$5.25,$2.10 per L,https://foodlandbalaklava.com.au//lines/white-king-bleach-lavndr-2-5l
Foodland Balaklava,2025-05-05 00:00:01,White King Premium Bleach Regular,1.25L,N/A,$4.10,$3.28 per L,https://foodlandbalaklava.com.au//lines/white-king-bleach-reg-1-25l
Foodland Balaklava,2025-05-05 00:00:01,White King Premium Bleach Regular 2.​5,N/A,N/A,$5.25,$2.10 per L,https://foodlandbalaklava.com.au//lines/white-king-bleach-reg-2-5l-1
Foodland Balaklava,2025-05-05 00:00:01,White King Toilet Gel With Added Stain Remover Lavender,700mL,was $6.50,$4.95,$0.71 per 100mL,https://foodlandbalaklava.com.au//lines/white-king-tlt-gel-lavndr700ml
Foodland Balaklava,2025-05-05 00:00:01,White King Toilet Gel With Added Stain Remover Lemon,700mL,was $6.50,$4.95,$0.71 per 100mL,https://foodlandbalaklava.com.au//lines/white-king-tlt-gel-lmn-700ml
Foodland Balaklava,2025-05-05 00:00:01,White King Toilet Gel With Added Stain Remover Marine,700mL,N/A,$6.70,$0.96 per 100mL,https://foodlandbalaklava.com.au//lines/white-king-tlt-gel-marine-700ml
Foodland Balaklava,2025-05-05 00:00:01,White Round Rolls Sesame 6pk,N/A,N/A,$3.40,$0.71 per 100g,https://foodlandbalaklava.com.au//lines/suprima-rolls-sesame-rnd-whte-6pk
Foodland Balaklava,2025-05-05 00:00:01,White Velcro 70cm,N/A,N/A,$3.95,N/A,https://foodlandbalaklava.com.au//lines/white-velcro-70cm
Foodland Balaklava,2025-05-05 00:00:01,White Wings Brilliant Banana Muffins,455g,was $6.30,$4.50,$0.99 per 100g,https://foodlandbalaklava.com.au//lines/w-w-muff-banana-455gm
Foodland Balaklava,2025-05-05 00:00:01,White Wings Cake In A Cup Cinnamon Doughnut Cake 4 X .​0x55g,4 x 55g,was $6.30,$4.50,$2.05 per 100g,https://foodlandbalaklava.com.au//lines/w-w-cake-in-a-cup-cin-dnut220g
Foodland Balaklava,2025-05-05 00:00:01,White Wings Cake In A Cup Mix Double Chocolate 4 Pack,220g,was $6.30,$4.50,$2.05 per 100g,https://foodlandbalaklava.com.au//lines/w-w-cake-in-a-cup-dbl-choc220g
Foodland Balaklava,2025-05-05 00:00:01,White Wings Classic Moist Chocolate Cake Mix,370g,was $3.70,$3.00,$0.81 per 100g,https://foodlandbalaklava.com.au//lines/w-w-c-mix-fam-choc-moist-370gm
Foodland Balaklava,2025-05-05 00:00:01,White Wings Double Choc Fudge Brownies,560g,was $6.30,$4.50,$0.80 per 100g,https://foodlandbalaklava.com.au//lines/w-w-c-mix-slc-ch-fdge-brwn560g
Foodland Balaklava,2025-05-05 00:00:01,White Wings Gluten Free Plain All Purpose Flour,500g,N/A,$5.25,$10.50 per kg,https://foodlandbalaklava.com.au//lines/w-w-flour-plain-gltn-free500gm
Foodland Balaklava,2025-05-05 00:00:01,White Wings Golden Buttercake Classics,340g,was $3.70,$3.00,$0.88 per 100g,https://foodlandbalaklava.com.au//lines/w-w-c-mix-fam-gld-btrcke-340gm
Foodland Balaklava,2025-05-05 00:00:01,White Wings Original Pankcake Shaker,350g,N/A,$4.20,$1.20 per 100g,https://foodlandbalaklava.com.au//lines/w-w-p-cake-shaker-350gm
Foodland Balaklava,2025-05-05 00:00:01,White Wings Premium All Purpose Plain Flour,1kg,N/A,$3.55,$3.55 per kg,https://foodlandbalaklava.com.au//lines/w-w-flour-plain-1kg
Foodland Balaklava,2025-05-05 00:00:01,White Wings Premium All Purpose Plain Flour,2kg,N/A,$4.95,$2.48 per kg,https://foodlandbalaklava.com.au//lines/w-w-flour-plain-2kg
Foodland Balaklava,2025-05-05 00:00:01,White Wings Rich Chocolate Cake,535g,was $6.30,$4.50,$0.84 per 100g,https://foodlandbalaklava.com.au//lines/w-w-c-mix-choc-heaven-535gm
Foodland Balaklava,2025-05-05 00:00:01,White Wings Wholemeal Plain Flour,1kg,N/A,$3.80,$3.80 per kg,https://foodlandbalaklava.com.au//lines/w-w-flour-plain-whlmeal-1kg
Foodland Balaklava,2025-05-05 00:00:01,Whittaker's Hazelnut Block,200g,N/A,$8.95,$4.48 per 100g,https://foodlandbalaklava.com.au//lines/whittakers-chc-hazelnut-200gm
Foodland Balaklava,2025-05-05 00:00:02,Whittaker's Hokey Pokey Crunch Block,250g,N/A,$8.95,$3.58 per 100g,https://foodlandbalaklava.com.au//lines/whittakers-choc-h-pokey-250gm
Foodland Balaklava,2025-05-05 00:00:02,Whittaker's Peanut Slab,50g,N/A,$2.65,$5.30 per 100g,https://foodlandbalaklava.com.au//lines/whittaker-choc-peanut-slab50gm
Foodland Balaklava,2025-05-05 00:00:02,Whittaker's Rum & Raisin Block,250g,N/A,$8.95,$3.58 per 100g,https://foodlandbalaklava.com.au//lines/whittakers-choc-rm-rsn-250gm
Foodland Balaklava,2025-05-05 00:00:02,Whittakers Whittaker's Coconut Slab,50g,was $2.65,$2.00,$4.00 per 100g,https://foodlandbalaklava.com.au//lines/whittaker-choc-c-nut-slab-50gm
Foodland Balaklava,2025-05-05 00:00:02,Whittaker’​S Caramelised White Chocolate Block Mango & Coconut |,250g,N/A,$8.95,$3.58 per 100g,https://foodlandbalaklava.com.au//lines/whitakers-chc-wht-mng-coc250gm
Foodland Balaklava,2025-05-05 00:00:02,Whittaker’​S Creamy Milk Chocolate Block Hazella |,250g,N/A,$8.95,$3.58 per 100g,https://foodlandbalaklava.com.au//lines/whittakers-chc-hazellla-250g
Foodland Balaklava,2025-05-05 00:00:02,Whittaker’​S Milk Chocolate Block Coconut |,250g,N/A,$8.95,$3.58 per 100g,https://foodlandbalaklava.com.au//lines/whittakers-chc-mlk-c-nut-250gm
Foodland Balaklava,2025-05-05 00:00:02,Whittaker’​S Milk Chocolate Creamy Caramel Block |,250g,N/A,$8.95,$3.58 per 100g,https://foodlandbalaklava.com.au//lines/whittakers-chc-mlk-crml-250gm
Foodland Balaklava,2025-05-05 00:00:02,Who Gives A Crap Paper Towel,N/A,N/A,$6.60,N/A,https://foodlandbalaklava.com.au//lines/who-gives-a-crap-paper-twl-2pk
Foodland Balaklava,2025-05-05 00:00:02,Whole Earth Monk Fruit Sticks,60g,N/A,$5.15,$8.58 per 100g,https://foodlandbalaklava.com.au//lines/whole-earth-monk-frt-stks-40s
Foodland Balaklava,2025-05-05 00:00:02,Wicked Sister Vanilla Bean Rice Pudding,500g,N/A,$6.50,$1.30 per 100g,https://foodlandbalaklava.com.au//lines/wick-sist-pud-van-rice-500gm
Foodland Balaklava,2025-05-05 00:00:02,Wiechs Egg Ndls Fine,250g,N/A,$5.80,$2.32 per 100g,https://foodlandbalaklava.com.au//lines/wiechs-egg-ndls-fine-250gm
Foodland Balaklava,2025-05-05 00:00:02,Wiechs Strings,250g,N/A,$5.80,$2.32 per 100g,https://foodlandbalaklava.com.au//lines/wiechs-strings-250g
Foodland Balaklava,2025-05-05 00:00:02,Willow Cooler,25L,N/A,$55.00,N/A,https://foodlandbalaklava.com.au//lines/willow-cooler-medium-25-litre
Foodland Balaklava,2025-05-05 00:00:02,Willow Cooler Jug,5L,N/A,$35.00,N/A,https://foodlandbalaklava.com.au//lines/willow-cooler-jug-5-litre
Foodland Balaklava,2025-05-05 00:00:02,Willow Freeza Gel-Pack-Small,N/A,N/A,$4.73,N/A,https://foodlandbalaklava.com.au//lines/willow-freeza-gel-pack-small
Foodland Balaklava,2025-05-05 00:00:02,Willow Garb Bin Swing&​Stay,9L,N/A,$18.90,N/A,https://foodlandbalaklava.com.au//lines/willow-garb-bin-swing-stay-9l
Foodland Balaklava,2025-05-05 00:00:02,Willow Ice Brick Large,N/A,N/A,$7.90,N/A,https://foodlandbalaklava.com.au//lines/willow-ice-brick-lge
Foodland Balaklava,2025-05-05 00:00:02,Willow Ice-Brick Medium,N/A,N/A,$3.70,N/A,https://foodlandbalaklava.com.au//lines/willow-ice-brick-medium
Foodland Balaklava,2025-05-05 00:00:02,Willow Swing N Stay Bin,25L,N/A,$24.70,N/A,https://foodlandbalaklava.com.au//lines/willow-garb-bin-swing-stay-25l
Foodland Balaklava,2025-05-05 00:00:02,Wilt Ebake Brownie/​Slice Pan,N/A,N/A,$11.55,N/A,https://foodlandbalaklava.com.au//lines/wiltsh-ebake-brownie-slice-pan
Foodland Balaklava,2025-05-05 00:00:02,Wilt Ebake Cake Oblong,N/A,N/A,$15.75,N/A,https://foodlandbalaklava.com.au//lines/wiltsh-ebake-cake-oblong
Foodland Balaklava,2025-05-05 00:00:02,Wilt Ebake Cake Rnd Sml,N/A,N/A,$11.55,N/A,https://foodlandbalaklava.com.au//lines/wiltsh-ebake-cake-rnd-sml
Foodland Balaklava,2025-05-05 00:00:02,Wilt Ebake Cake Sprng Sml,N/A,N/A,$19.22,N/A,https://foodlandbalaklava.com.au//lines/wiltsh-ebake-cake-sprng-sml
Foodland Balaklava,2025-05-05 00:00:02,Wilt Ebake Cake Sqre Med,N/A,N/A,$11.55,N/A,https://foodlandbalaklava.com.au//lines/wiltsh-ebake-cake-sqre-med
Foodland Balaklava,2025-05-05 00:00:02,Wilt Ebake Cookie Sheet Med,N/A,N/A,$11.55,N/A,https://foodlandbalaklava.com.au//lines/wiltsh-ebake-cookie-sheet-med
Foodland Balaklava,2025-05-05 00:00:02,Wilt Ebake Loaf Pan Lge,N/A,N/A,$11.55,N/A,https://foodlandbalaklava.com.au//lines/wiltsh-ebake-loaf-pan-lge
Foodland Balaklava,2025-05-05 00:00:02,Wilt Ebake Muffin 6 Cup,N/A,N/A,$12.60,N/A,https://foodlandbalaklava.com.au//lines/wiltsh-ebake-muffin-6-cup
Foodland Balaklava,2025-05-05 00:00:02,Wilt Ebake Roast Pan 368x266,N/A,N/A,$21.00,N/A,https://foodlandbalaklava.com.au//lines/wiltsh-ebake-roast-pan-368x266
Foodland Balaklava,2025-05-05 00:00:02,Wilt Egg Poaching Bags 20pk,N/A,N/A,$6.30,$0.32 Each,https://foodlandbalaklava.com.au//lines/wiltsh-egg-poaching-bags-20pk
Foodland Balaklava,2025-05-05 00:00:02,Wiltshire 12 Cup Easybake Muffin Pan,N/A,N/A,$17.85,N/A,https://foodlandbalaklava.com.au//lines/wiltsh-ebake-muffin-12-cup
Foodland Balaklava,2025-05-05 00:00:02,Wiltshire Bar-B Brush Cleaning,N/A,N/A,$12.76,N/A,https://foodlandbalaklava.com.au//lines/bar-b-mate-bbq-brush
Foodland Balaklava,2025-05-05 00:00:02,Wiltshire Classic Stainless Steel Waiters Friend,N/A,N/A,$10.97,N/A,https://foodlandbalaklava.com.au//lines/wilt-clsc-waiters-friend-s-s
Foodland Balaklava,2025-05-05 00:00:02,Wiltshire Cooking Twine,N/A,N/A,$3.83,N/A,https://foodlandbalaklava.com.au//lines/wiltshire-cooking-twine-2pk
Foodland Balaklava,2025-05-05 00:00:02,Wiltshire Culinary Non-Stick Frying Pan,N/A,N/A,$42.00,N/A,https://foodlandbalaklava.com.au//lines/wilt-frypan-cucina-26cm
Foodland Balaklava,2025-05-05 00:00:02,Wiltshire Dish Enamel Baking Large 32cm,N/A,N/A,$24.52,N/A,https://foodlandbalaklava.com.au//lines/wilt-dish-enamel-baking-l-32cm
Foodland Balaklava,2025-05-05 00:00:02,Wiltshire Ebake Mini Muffin Tray 12x,N/A,N/A,$14.70,N/A,https://foodlandbalaklava.com.au//lines/wiltsh-ebake-muffin-mini-12
Foodland Balaklava,2025-05-05 00:00:02,Wiltshire Medium Enamel Baking Dish 28,N/A,N/A,$16.80,N/A,https://foodlandbalaklava.com.au//lines/wilt-dish-enamel-baking-m-26cm
Foodland Balaklava,2025-05-05 00:00:02,Wiltshire Saucepan Classic Ss 1pk,N/A,N/A,$39.90,N/A,https://foodlandbalaklava.com.au//lines/wilt-saucepan-clsc-ss16cm
Foodland Balaklava,2025-05-05 00:00:02,Windex Glass Cleaner,500mL,N/A,$5.25,$1.05 per 100mL,https://foodlandbalaklava.com.au//lines/windex-cleaner-spray-pack500ml
Foodland Balaklava,2025-05-05 00:00:02,Windex Glass Cleaner Ammonia-Free,500mL,N/A,$5.25,$1.05 per 100mL,https://foodlandbalaklava.com.au//lines/windex-gls-cryst-rain-trg500ml
Foodland Balaklava,2025-05-05 00:00:02,Windex Glass Cleaner Original,750mL,N/A,$6.35,$0.85 per 100mL,https://foodlandbalaklava.com.au//lines/windex-cleaner-trigger-750ml
Foodland Balaklava,2025-05-05 00:00:02,Windex Multi-Purpose Cleaner Surface & Glass Mountain Fresh,750mL,N/A,$6.00,$0.80 per 100mL,https://foodlandbalaklava.com.au//lines/windex-surface-glass-frsh750ml
Foodland Balaklava,2025-05-05 00:00:02,Windex Shower Cleaner Refill,750mL,N/A,$5.15,$0.69 per 100mL,https://foodlandbalaklava.com.au//lines/windex-shwr-r-fill-750ml
Foodland Balaklava,2025-05-05 00:00:02,Windex Shower Cleaner Spray,750mL,N/A,$6.20,$0.83 per 100mL,https://foodlandbalaklava.com.au//lines/windex-shower-clean-trg-750ml
Foodland Balaklava,2025-05-05 00:00:02,Windex Surface & Glass Multi-Purpose Cleaner Floral,750mL,N/A,$6.00,$0.80 per 100mL,https://foodlandbalaklava.com.au//lines/windex-surface-glass-trig750ml
Foodland Balaklava,2025-05-05 00:00:02,Winn Glace Cherries,200g,N/A,$4.90,$24.50 per kg,https://foodlandbalaklava.com.au//lines/winn-cherries-glace-red-200gm
Foodland Balaklava,2025-05-05 00:00:02,Wintulichs Australian Shortcut Bacon,250g,N/A,$7.50,$3.00 per 100g,https://foodlandbalaklava.com.au//lines/w-lichs-aust-sh-cut-bacon-250g
Foodland Balaklava,2025-05-05 00:00:03,Wintulichs Chilli&​Cheese Kransky,375g,N/A,$8.60,N/A,https://foodlandbalaklava.com.au//lines/wintulichs-chilli-cheese-kransky-375gm
Foodland Balaklava,2025-05-05 00:00:03,Wintulichs Garlic Metwurst,700g,N/A,$19.00,N/A,https://foodlandbalaklava.com.au//lines/w-lichs-metwurst-garlic-700gm
Foodland Balaklava,2025-05-05 00:00:03,Wintulichs Metwurst Garlic,1kg,N/A,$30.00,$30.00 per kg,https://foodlandbalaklava.com.au//lines/w-lichs-m-wurst-garlic-1kg
Foodland Balaklava,2025-05-05 00:00:03,Wintulichs Pepperoni,375g,N/A,$11.95,N/A,https://foodlandbalaklava.com.au//lines/w-lichs-pepperoni-375gm
Foodland Balaklava,2025-05-05 00:00:03,Wintulichs Plain Metwurst,300g,was $10.00,$9.90,$3.30 per 100g,https://foodlandbalaklava.com.au//lines/w-lichs-m-wurst-plain-300gm
Foodland Balaklava,2025-05-05 00:00:03,Wintulichs Plain Metwurst,700g,N/A,$19.00,N/A,https://foodlandbalaklava.com.au//lines/w-lichs-metwurst-plain-700gm
Foodland Balaklava,2025-05-05 00:00:03,Wintulichs Short Cut Bacon,1kg,N/A,$24.31,N/A,https://foodlandbalaklava.com.au//lines/wintulichs-short-cut-bacon-1kg
Foodland Balaklava,2025-05-05 00:00:03,Wizz Fizz Cones,5 x 14g,N/A,$3.95,$5.64 per 100g,https://foodlandbalaklava.com.au//lines/wizz-fizz-sherbet-cones-5pk
Foodland Balaklava,2025-05-05 00:00:03,Wokka Honey Soy Noodle Box,350g,N/A,$5.25,$1.50 per 100g,https://foodlandbalaklava.com.au//lines/wokka-ndl-box-hny-soy-350g
Foodland Balaklava,2025-05-05 00:00:03,Wokka Honey Soy Stir Fry Sauce,175g,N/A,$3.70,$2.11 per 100g,https://foodlandbalaklava.com.au//lines/wokka-sce-honey-175g
Foodland Balaklava,2025-05-05 00:00:03,Wokka Ndl Goldn Hokkien,440g,N/A,$3.00,$0.68 per 100g,https://foodlandbalaklava.com.au//lines/wokka-ndl-goldn-hokkien-440gm
Foodland Balaklava,2025-05-05 00:00:03,Wokka Ndl Singapore,440g,N/A,$3.00,$0.68 per 100g,https://foodlandbalaklava.com.au//lines/wokka-ndl-singapore-440gm-1
Foodland Balaklava,2025-05-05 00:00:03,Wokka Pad Thai Noodle Box,350g,N/A,$5.25,$1.50 per 100g,https://foodlandbalaklava.com.au//lines/wokka-ndl-box-pad-thai-350g
Foodland Balaklava,2025-05-05 00:00:03,Wokka Rice Noodles,440g,N/A,$3.00,$0.68 per 100g,https://foodlandbalaklava.com.au//lines/wokka-ndl-thin-rice-440gm
Foodland Balaklava,2025-05-05 00:00:03,Wokka Teriyaki Stir Fry Sauce,175g,N/A,$3.70,$2.11 per 100g,https://foodlandbalaklava.com.au//lines/wokka-sce-teriyaki-175g
Foodland Balaklava,2025-05-05 00:00:03,Wokka Udon Noodles,440g,N/A,$3.00,$0.68 per 100g,https://foodlandbalaklava.com.au//lines/wokka-ndl-udon-440gm
Foodland Balaklava,2025-05-05 00:00:03,Woman’​S Weekly Magazine,N/A,N/A,$8.99,N/A,https://foodlandbalaklava.com.au//lines/womens-weekly-magazine-3
Foodland Balaklava,2025-05-05 00:00:03,Womens Soft Touch Bedsocks 2pk,N/A,N/A,$6.00,N/A,https://foodlandbalaklava.com.au//lines/bed-socks-womens-soft-touch2pk
Foodland Balaklava,2025-05-05 00:00:03,Women’​S Knit Gloves,N/A,was $2.50,$2.00,N/A,https://foodlandbalaklava.com.au//lines/gloves-women-knitted
Foodland Balaklava,2025-05-05 00:00:03,Wonder 5 Star Multigrain,680g,was $5.50,$4.50,$0.66 per 100g,https://foodlandbalaklava.com.au//lines/wonder-5-hsr-multigrain-680g
Foodland Balaklava,2025-05-05 00:00:03,Wonder 5 Star Wht,680g,was $5.50,$4.50,$0.66 per 100g,https://foodlandbalaklava.com.au//lines/wonder-5-hsr-white-660g
Foodland Balaklava,2025-05-05 00:00:03,Wonder Full Of Goodness Gluten Free Soft White,470g,N/A,$7.00,$1.49 per 100g,https://foodlandbalaklava.com.au//lines/wonder-wht-g-f-white-500g
Foodland Balaklava,2025-05-05 00:00:03,Wonder Full Of Goodness Gluten Free Soft Wholemeal,500g,N/A,$7.00,$1.40 per 100g,https://foodlandbalaklava.com.au//lines/wonder-wht-g-f-wholemeal-500g
Foodland Balaklava,2025-05-05 00:00:03,Wonder Mat Chrcl/​Gry,N/A,N/A,$11.54,N/A,https://foodlandbalaklava.com.au//lines/wonder-mat-chrcl-gry
Foodland Balaklava,2025-05-05 00:00:03,Wonder White Wonder High Fibre White Sliced Bread Sandwich,320g,was $3.50,$3.40,$1.06 per 100g,https://foodlandbalaklava.com.au//lines/wonder-mini-loaf-white-320gm
Foodland Balaklava,2025-05-05 00:00:03,Wooden Puzzle 1*,N/A,N/A,$8.00,N/A,https://foodlandbalaklava.com.au//lines/wooden-puzzle-1
Foodland Balaklava,2025-05-05 00:00:03,Woodroofe Diet Lemonade Soft Drink Bottle,2L,N/A,$3.30,$1.65 per L,https://foodlandbalaklava.com.au//lines/wdrf-lemonade-diet-2l
Foodland Balaklava,2025-05-05 00:00:03,Woodroofe Lemonade,2L,N/A,$3.30,$1.65 per L,https://foodlandbalaklava.com.au//lines/wdrf-drnk-lemonade-2l-1
Foodland Balaklava,2025-05-05 00:00:03,Wrap Hello Baby Folded $​5.​99,N/A,N/A,$5.99,N/A,https://foodlandbalaklava.com.au//lines/wrap-hello-baby-folded-5-99
Foodland Balaklava,2025-05-05 00:00:03,Wrap Paper Cellophone $​3.​99,N/A,N/A,$3.99,N/A,https://foodlandbalaklava.com.au//lines/wrap-paper-cellophone-3-99
Foodland Balaklava,2025-05-05 00:00:03,Wrigley's Hubba Bubba Outrageous Original,35g,N/A,$1.60,$4.57 per 100g,https://foodlandbalaklava.com.au//lines/wrig-h-bub-outrageous-orig-5pc
Foodland Balaklava,2025-05-05 00:00:03,Wrigley’​S Juicy Fruit Chewing Gum,14g,was $1.15,$1.00,$7.14 per 100g,https://foodlandbalaklava.com.au//lines/wrig-juicy-frt-s-f-10s-14g
Foodland Balaklava,2025-05-05 00:00:03,X-Treme Sour Straps Rainbow,160g,N/A,$2.75,N/A,https://foodlandbalaklava.com.au//lines/x-treme-rainbow-straps-160gm
Foodland Balaklava,2025-05-05 00:00:03,X-Treme Sour Straps Watermelon,160g,N/A,$2.80,$1.75 per 100g,https://foodlandbalaklava.com.au//lines/x-treme-sr-w-melon-straps-160g
Foodland Balaklava,2025-05-05 00:00:03,X-Treme Sour Straws Rainbow,150g,N/A,$3.30,$2.20 per 100g,https://foodlandbalaklava.com.au//lines/x-treme-r-bow-sour-straws-150g
Foodland Balaklava,2025-05-05 00:00:03,X-Treme Sour Straws Strawberry,150g,N/A,$3.30,$2.20 per 100g,https://foodlandbalaklava.com.au//lines/x-treme-strawberry-straws-150g
Foodland Balaklava,2025-05-05 00:00:03,Xmas Balls 80mm 9pk *,N/A,N/A,$8.00,N/A,https://foodlandbalaklava.com.au//lines/xmas-balls-80mm-9pk
Foodland Balaklava,2025-05-05 00:00:03,Xmas Coloured Sparklers 16pk,N/A,N/A,$3.50,N/A,https://foodlandbalaklava.com.au//lines/xmas-coloured-sparklers-16pk
Foodland Balaklava,2025-05-05 00:00:03,Xmas Gift Ribbon Assortment*,N/A,N/A,$4.00,N/A,https://foodlandbalaklava.com.au//lines/xmas-gift-ribbon-assortment
Foodland Balaklava,2025-05-05 00:00:03,Y/​Bakery White Roll 6pk,N/A,N/A,$2.99,$0.60 per 100g,https://foodlandbalaklava.com.au//lines/y-bakery-white-roll-6pk
Foodland Balaklava,2025-05-05 00:00:03,Y/​Shop Ygt Grk Crml Crmbl500gm,N/A,was $8.95,$7.00,$1.40 per 100g,https://foodlandbalaklava.com.au//lines/yog-shop-caramel-crumble-500g
Foodland Balaklava,2025-05-05 00:00:03,Yakult 10pk,N/A,N/A,$9.50,$14.62 per L,https://foodlandbalaklava.com.au//lines/yakult-frmted-mlk-drnk-10x65ml
Foodland Balaklava,2025-05-05 00:00:03,Yakult Fermented Mlkdrink,325mL,N/A,$4.85,$14.92 per L,https://foodlandbalaklava.com.au//lines/yakult-frmted-mlk-drnk-5x-65ml
Foodland Balaklava,2025-05-05 00:00:03,Yakult Light 5pk,N/A,N/A,$4.85,$7.46 per L,https://foodlandbalaklava.com.au//lines/yakult-frmted-mlk-lght-5x65ml
Foodland Balaklava,2025-05-05 00:00:03,Yarra Valley Apricot Jam,300g,N/A,$5.80,$1.93 per 100g,https://foodlandbalaklava.com.au//lines/yarra-valley-jam-apricot-300g
Foodland Balaklava,2025-05-05 00:00:03,Yarra Valley Chocolate Fudge Topping,250mL,N/A,$5.80,$2.32 per 100mL,https://foodlandbalaklava.com.au//lines/yarra-valley-topp-choc-250ml
Foodland Balaklava,2025-05-05 00:00:03,Yarra Valley Jam Apric,475g,was $5.80,$5.10,$1.07 per 100g,https://foodlandbalaklava.com.au//lines/yarra-valley-jam-apric-475gm
Foodland Balaklava,2025-05-05 00:00:03,Yarra Valley Keen & Green Smoothie,1L,was $7.80,$7.15,$7.15 per L,https://foodlandbalaklava.com.au//lines/yarra-valley-smthie-keen-grn1l
Foodland Balaklava,2025-05-05 00:00:04,Yarra Valley Sce Chilli,250mL,N/A,$4.85,$1.94 per 100mL,https://foodlandbalaklava.com.au//lines/yarra-valley-sce-chilli-250ml
Foodland Balaklava,2025-05-05 00:00:04,Yarra Valley Smthie Yellow,1L,was $7.80,$7.15,$7.15 per L,https://foodlandbalaklava.com.au//lines/yarra-valley-smthie-yellow-1l
Foodland Balaklava,2025-05-05 00:00:04,Yarra Valley Strawberry Jam,300g,N/A,$5.80,$1.93 per 100g,https://foodlandbalaklava.com.au//lines/yarra-valley-jam-strwbry-300gm
Foodland Balaklava,2025-05-05 00:00:04,Yarra Valley Strawberry Jam,475g,was $5.80,$5.10,$1.07 per 100g,https://foodlandbalaklava.com.au//lines/yarra-valley-jam-sbry-475gm
Foodland Balaklava,2025-05-05 00:00:04,"Yates Ant, Flea & Tick Killer",600g,N/A,$13.25,N/A,https://foodlandbalaklava.com.au//lines/yates-home-pest-4-ant-tick600g
Foodland Balaklava,2025-05-05 00:00:04,Yates Fert Blood & Bone,2.5kg,N/A,$17.20,N/A,https://foodlandbalaklava.com.au//lines/yates-fert-blood-bone-2-5kg
Foodland Balaklava,2025-05-05 00:00:04,Yates Fert Thriv A/​P Gran,500g,N/A,$12.00,N/A,https://foodlandbalaklava.com.au//lines/fert-thrive-a-purp-sol-500gm
Foodland Balaklava,2025-05-05 00:00:04,Yates Fert Thrv Flw&​Frut,500g,N/A,$13.50,N/A,https://foodlandbalaklava.com.au//lines/fert-thrive-flw-fruit-500gm
Foodland Balaklava,2025-05-05 00:00:04,Yates Fertiliser Lawn,2.5kg,N/A,$18.65,N/A,https://foodlandbalaklava.com.au//lines/yates-fert-lawn-2-5kg
Foodland Balaklava,2025-05-05 00:00:04,Yates Pest Kill Pyrethrm,750mL,N/A,$11.05,N/A,https://foodlandbalaklava.com.au//lines/yates-pyrethrum-rtu-750ml
Foodland Balaklava,2025-05-05 00:00:04,Yates Pest Kill White Oil,400g,N/A,$12.30,N/A,https://foodlandbalaklava.com.au//lines/yates-white-oil-aerosol-400gm
Foodland Balaklava,2025-05-05 00:00:04,Yates Seed Raising Mix 6,N/A,N/A,$10.35,N/A,https://foodlandbalaklava.com.au//lines/yates-seed-raising-mix-6l
Foodland Balaklava,2025-05-05 00:00:04,Yates Slasher Weed Killer,750mL,N/A,$14.70,N/A,https://foodlandbalaklava.com.au//lines/yates-slasher-w-kill-rtu-750ml
Foodland Balaklava,2025-05-05 00:00:04,Yeo's Sambal Oelek,250mL,N/A,$5.70,$2.28 per 100mL,https://foodlandbalaklava.com.au//lines/yeos-sambal-oelek-250ml-1
Foodland Balaklava,2025-05-05 00:00:04,Yeo's Satay Sauce,250mL,N/A,$5.25,$2.10 per 100mL,https://foodlandbalaklava.com.au//lines/yeos-sce-satay-bbq-250ml-1
Foodland Balaklava,2025-05-05 00:00:04,Yes You Can Gluten Free Choc Chip Pancake Mix,300g,N/A,$4.99,$2.85 per 100g,https://foodlandbalaklava.com.au//lines/yyc-choc-chip-pancake-175g
Foodland Balaklava,2025-05-05 00:00:04,Yes You Can Red Velvet Cupcake,450g,N/A,$6.29,$1.40 per 100g,https://foodlandbalaklava.com.au//lines/yyc-red-velvet-cupcake-450g
Foodland Balaklava,2025-05-05 00:00:04,Yoghurt Shop Apple Crumble,500g,was $8.95,$7.00,$1.40 per 100g,https://foodlandbalaklava.com.au//lines/tys-apple-crumble-500g
Foodland Balaklava,2025-05-05 00:00:04,Yoghurt Shop Cappuccino,200g,N/A,$4.60,$2.42 per 100g,https://foodlandbalaklava.com.au//lines/yog-shop-cappuccino-200g
Foodland Balaklava,2025-05-05 00:00:04,Yoghurt Shop Mango,170g,N/A,$4.60,$2.42 per 100g,https://foodlandbalaklava.com.au//lines/yog-shop-mango-200g
Foodland Balaklava,2025-05-05 00:00:04,Yoghurt Shop Passionfruit,200g,N/A,$4.60,$2.42 per 100g,https://foodlandbalaklava.com.au//lines/yog-shop-passionfruit-200g
Foodland Balaklava,2025-05-05 00:00:04,Yoghurt Shop Vanilla Bean,200g,N/A,$4.60,$2.42 per 100g,https://foodlandbalaklava.com.au//lines/yog-shop-vanilla-bean-200g
Foodland Balaklava,2025-05-05 00:00:04,Yoghurt Shop Zesty Lemon Twist,500mL,was $8.95,$7.00,$1.40 per 100g,https://foodlandbalaklava.com.au//lines/yog-shop-zesty-lemon-twist-500ml
Foodland Balaklava,2025-05-05 00:00:04,Yogo Chocolate Mix With M&​M Minis,150g,N/A,$3.35,$2.23 per 100g,https://foodlandbalaklava.com.au//lines/yogo-mix-with-m-ms-minis-150gm-1
Foodland Balaklava,2025-05-05 00:00:04,Yoosh Drk Aloe Vera W/​Ly#​500ml,N/A,N/A,$3.55,$0.71 per 100mL,https://foodlandbalaklava.com.au//lines/yoosh-drk-aloe-vera-w-ly-500ml
Foodland Balaklava,2025-05-05 00:00:04,"Yoplait Classics (​Strawberry, Vanilla & Mango) Yoghurt Multipack",12 x 100g,N/A,$8.00,$0.67 per 100g,https://foodlandbalaklava.com.au//lines/yop-ygt-classic-12x100gm
Foodland Balaklava,2025-05-05 00:00:04,"Yoplait Classics (​Strawberry, Vanilla & Mango) Yoghurt Multipack",6 x 160g,N/A,$6.50,$0.68 per 100g,https://foodlandbalaklava.com.au//lines/yop-ygt-classic-6x160gm
Foodland Balaklava,2025-05-05 00:00:04,Yoplait Petit Miam Yoghurt Mango Kids Pouch,70g,was $1.70,$1.10,$1.57 per 100g,https://foodlandbalaklava.com.au//lines/yop-yog-petit-miam-mango-70gm
Foodland Balaklava,2025-05-05 00:00:04,Yoplait Vanilla Rice,150g,N/A,$3.75,$2.50 per 100g,https://foodlandbalaklava.com.au//lines/yop-le-rice-vanilla-2x150gm-1
Foodland Balaklava,2025-05-05 00:00:04,Yoplait Zero Yoghurt Berry Harvest Multipack,6 x 160g,N/A,$6.50,$0.68 per 100g,https://foodlandbalaklava.com.au//lines/yop-ygt-forme-bry-har-6x160gm
Foodland Balaklava,2025-05-05 00:00:04,Yopro High Protein Salted Caramel Greek Yoghurt Pouch,150g,N/A,$3.15,$2.10 per 100g,https://foodlandbalaklava.com.au//lines/danone-yopro-ygt-sltdcrml150gm
Foodland Balaklava,2025-05-05 00:00:04,Yopro High Protein Strawberry Greek Yoghurt Tub,700g,N/A,$7.50,$1.07 per 100g,https://foodlandbalaklava.com.au//lines/danone-ygt-pro-strwbry-700gm
Foodland Balaklava,2025-05-05 00:00:04,Yopro Perform High Protein Banana Yoghurt,175g,N/A,$3.90,$2.23 per 100g,https://foodlandbalaklava.com.au//lines/danone-yopro-ygt-banana-175gm
Foodland Balaklava,2025-05-05 00:00:04,Yopro Perform High Protein Mango Passionfruit Yoghurt,175g,N/A,$3.90,$2.23 per 100g,https://foodlandbalaklava.com.au//lines/danone-yopro-ygt-mgo-pfrt175gm
Foodland Balaklava,2025-05-05 00:00:04,Yopro Perform High Protein Mixed Berries Yoghurt,175g,N/A,$3.90,$2.23 per 100g,https://foodlandbalaklava.com.au//lines/danone-yopro-ygt-mxd-bry-175gm
Foodland Balaklava,2025-05-05 00:00:04,Yorkfoods Lard,250g,N/A,$4.00,$1.60 per 100g,https://foodlandbalaklava.com.au//lines/yorkfoods-lard-250gm
Foodland Balaklava,2025-05-05 00:00:04,Yp BBQ Pork Spare Ribs Rw,N/A,N/A,$29.99,N/A,https://foodlandbalaklava.com.au//lines/yp-bbq-pork-spare-ribs-rw-3
Foodland Balaklava,2025-05-05 00:00:04,Yp Beef Bolar Roast Rd Wine/​Gar Rw,N/A,N/A,$24.99,$24.99 per kg,https://foodlandbalaklava.com.au//lines/yp-beef-bolar-roast-rd-wine-gar-rw
Foodland Balaklava,2025-05-05 00:00:04,Yp Beef Garlic Steak Rw,N/A,N/A,$39.99,N/A,https://foodlandbalaklava.com.au//lines/yp-beef-garlic-steak-rw
Foodland Balaklava,2025-05-05 00:00:04,Yp Beef Marinated Steak Rw,N/A,N/A,$28.99,N/A,https://foodlandbalaklava.com.au//lines/yp-beef-marinated-steak-rw-2
Foodland Balaklava,2025-05-05 00:00:04,Yp Beef Patties,N/A,N/A,$18.99,N/A,https://foodlandbalaklava.com.au//lines/yp-beef-patties-3
Foodland Balaklava,2025-05-05 00:00:04,Yp Beef Porterhouse Steak Rw,N/A,N/A,$45.00,N/A,https://foodlandbalaklava.com.au//lines/yp-beef-porterhouse-steak-rw-2
Foodland Balaklava,2025-05-05 00:00:04,Yp Beef Scotch Fillet Rw,N/A,N/A,$55.00,N/A,https://foodlandbalaklava.com.au//lines/yp-beef-scotch-fillet-rw-3
Foodland Balaklava,2025-05-05 00:00:04,Yp Beef Stirfry With Veg H/​Soy,N/A,N/A,$21.99,N/A,https://foodlandbalaklava.com.au//lines/yp-beef-stirfry-with-veg-h-soy-1
Foodland Balaklava,2025-05-05 00:00:04,Yp Beef T-Bone Bulk Rw,N/A,N/A,$38.99,N/A,https://foodlandbalaklava.com.au//lines/yp-beef-t-bone-bulk-rw-3
Foodland Balaklava,2025-05-05 00:00:04,Yp Bolar Roast Rw,N/A,N/A,$19.99,N/A,https://foodlandbalaklava.com.au//lines/yp-bolar-roast-rw-2
Foodland Balaklava,2025-05-05 00:00:04,Yp C/​Style Chicken Sausages Rw,N/A,N/A,$8.50,$16.99 per kg,https://foodlandbalaklava.com.au//lines/yp-c-style-chicken-sausages-rw
Foodland Balaklava,2025-05-05 00:00:04,Yp Chick Stirfry W/​Veg Satay,N/A,N/A,$21.99,N/A,https://foodlandbalaklava.com.au//lines/yp-chick-stirfry-w-veg-satay
Foodland Balaklava,2025-05-05 00:00:05,Yp Chicken & Vegetable Patties Rw,N/A,N/A,$18.99,N/A,https://foodlandbalaklava.com.au//lines/yp-chicken-vegetable-patties-rw-3
Foodland Balaklava,2025-05-05 00:00:05,Yp Chicken Bacon & Chs Patties Rw,N/A,N/A,$18.99,N/A,https://foodlandbalaklava.com.au//lines/yp-chicken-bacon-chs-patties-rw-3
Foodland Balaklava,2025-05-05 00:00:05,Yp Chicken Cordon Bleu Rw,N/A,N/A,$22.99,N/A,https://foodlandbalaklava.com.au//lines/yp-chicken-cordon-bleu-rw-2
Foodland Balaklava,2025-05-05 00:00:05,Yp Chicken Frames Rw,N/A,N/A,$4.50,N/A,https://foodlandbalaklava.com.au//lines/yp-chicken-frames-rw-3
Foodland Balaklava,2025-05-05 00:00:05,Yp Chicken Marylands Rw,N/A,N/A,$10.99,N/A,https://foodlandbalaklava.com.au//lines/yp-chicken-marylands-rw-3
Foodland Balaklava,2025-05-05 00:00:05,Yp Chicken Portions Souvlaki Rw,N/A,N/A,$9.99,N/A,https://foodlandbalaklava.com.au//lines/yp-chicken-portions-souvlaki-rw-3
Foodland Balaklava,2025-05-05 00:00:05,Yp Chicken Portions Tom & Basil Rw,N/A,N/A,$11.99,$9.99 per kg,https://foodlandbalaklava.com.au//lines/yp-chicken-portions-tom-basil-rw-1
Foodland Balaklava,2025-05-05 00:00:05,Yp Chicken Stirfry Rw,N/A,N/A,$18.99,N/A,https://foodlandbalaklava.com.au//lines/yp-chicken-stir-fry-rw
Foodland Balaklava,2025-05-05 00:00:05,Yp Chicken Wings Marinated BBQ Bulk Rw,N/A,N/A,$9.99,N/A,https://foodlandbalaklava.com.au//lines/yp-chicken-wings-marinated-bbq-bulk-rw-2
Foodland Balaklava,2025-05-05 00:00:05,Yp Chkn Tend Parm Crumb Rw,N/A,N/A,$19.99,N/A,https://foodlandbalaklava.com.au//lines/yp-chkn-tend-parm-crumb-rw-1
Foodland Balaklava,2025-05-05 00:00:05,Yp Chkn Tend Plain Crumb Rw,N/A,N/A,$19.99,N/A,https://foodlandbalaklava.com.au//lines/yp-chkn-tend-plain-crumb-rw-1
Foodland Balaklava,2025-05-05 00:00:05,Yp Chkn Tend Southern Crumb Rw,N/A,N/A,$19.99,N/A,https://foodlandbalaklava.com.au//lines/yp-chkn-tend-southern-crumb-rw-1
Foodland Balaklava,2025-05-05 00:00:05,Yp Gravy Beef Rw,N/A,N/A,$16.09,$22.99 per kg,https://foodlandbalaklava.com.au//lines/yp-gravy-beef-rw-1
Foodland Balaklava,2025-05-05 00:00:05,Yp Herb & Garlic Pork Loin Steak Rw,N/A,N/A,$22.99,N/A,https://foodlandbalaklava.com.au//lines/yp-herb-garlic-pork-loin-steak-rw-3
Foodland Balaklava,2025-05-05 00:00:05,Yp Lamb Shanks Rw,N/A,N/A,$18.99,N/A,https://foodlandbalaklava.com.au//lines/yp-lamb-shanks-rw-3
Foodland Balaklava,2025-05-05 00:00:05,Yp Pepper Steak Rw,N/A,N/A,$26.99,N/A,https://foodlandbalaklava.com.au//lines/yp-pepper-steak-rw-3
Foodland Balaklava,2025-05-05 00:00:05,Yp Pork Loin Steaks Rw,N/A,N/A,$22.99,N/A,https://foodlandbalaklava.com.au//lines/yp-pork-loin-steaks-rw-3
Foodland Balaklava,2025-05-05 00:00:05,Yp Pork Mince Rw,N/A,N/A,$21.99,N/A,https://foodlandbalaklava.com.au//lines/yp-pork-mince-rw-2
Foodland Balaklava,2025-05-05 00:00:05,Yp Red Wine & Garlic Steak Rw,N/A,N/A,$39.99,N/A,https://foodlandbalaklava.com.au//lines/yp-red-wine-garlic-steak-rw
Foodland Balaklava,2025-05-05 00:00:05,Yyc Buttermilk Pancake,300g,N/A,$4.99,$1.66 per 100g,https://foodlandbalaklava.com.au//lines/yyc-buttermilk-pancake-300g
Foodland Balaklava,2025-05-05 00:00:05,Zafarelli Elicoidali No. 57,500g,N/A,$2.00,$0.40 per 100g,https://foodlandbalaklava.com.au//lines/zafarelli-no57-elicoidali-500g
Foodland Balaklava,2025-05-05 00:00:05,Zafarelli Liscio Piccolo No. 40,500g,N/A,$2.00,$0.40 per 100g,https://foodlandbalaklava.com.au//lines/zafarelli-no40-lisci-pic-500gm
Foodland Balaklava,2025-05-05 00:00:05,Zafarelli Pennette Rigate No. 18,500g,N/A,$2.00,$0.40 per 100g,https://foodlandbalaklava.com.au//lines/zafarelli-no18-pen-rigat-500gm
Foodland Balaklava,2025-05-05 00:00:05,Zafarelli Spaghetti No. 4,500g,N/A,$2.00,$0.40 per 100g,https://foodlandbalaklava.com.au//lines/zafarelli-no4-spaghetti-500gm
Foodland Balaklava,2025-05-05 00:00:05,Zappo Sour Strawberry Chews,104g,N/A,$3.80,$3.65 per 100g,https://foodlandbalaklava.com.au//lines/zappo-strawberry-4pk-104g
Foodland Balaklava,2025-05-05 00:00:05,Zeotic Camomile Tea Bags,N/A,was $4.70,$4.65,$9.30 per 100g,https://foodlandbalaklava.com.au//lines/zoetic-chamomile-t-bags-25pk
Foodland Balaklava,2025-05-05 00:00:05,Zero Weed-Kill Rtu 2pack,750mL,N/A,$16.15,$2.15 per 100mL,https://foodlandbalaklava.com.au//lines/zero-twin-pack-rtu-750ml
Foodland Balaklava,2025-05-05 00:00:05,Ziploc® Sandwich Bags Resealable Food Storage 100 Pack,N/A,was $6.95,$5.50,$0.06 Each,https://foodlandbalaklava.com.au//lines/ziploc-s-wch-bag-100s
Foodland Balaklava,2025-05-05 00:00:05,Ziploc® Sandwich Bags Xl Resealable Food Storage 30 Pack,N/A,N/A,$4.60,$0.15 Each,https://foodlandbalaklava.com.au//lines/ziploc-s-wch-bag-xl-30s
Foodland Balaklava,2025-05-05 00:00:05,Ziploc® Snack Bag Resealable Food Storage 40 Pack,N/A,N/A,$4.60,$0.12 Each,https://foodlandbalaklava.com.au//lines/ziploc-snack-bag-40s
Foodland Balaklava,2025-05-05 00:00:05,Ziploc® Storage Bags Large Resealable Food Storage 12 Pack,N/A,was $4.60,$3.50,$0.29 Each,https://foodlandbalaklava.com.au//lines/ziploc-strge-bag-lge-12s
Foodland Balaklava,2025-05-05 00:00:05,Ziploc® Storage Bags Medium Resealable Food Storage 15 Pack,N/A,was $4.60,$3.50,$0.23 Each,https://foodlandbalaklava.com.au//lines/ziploc-strge-bag-med-15s
Foodland Balaklava,2025-05-05 00:00:05,Zoetic Chai T/​Bags 25pk,N/A,was $4.70,$4.65,$9.30 per 100g,https://foodlandbalaklava.com.au//lines/zoetic-chai-t-bags-25pk
Foodland Balaklava,2025-05-05 00:00:05,Zoetic L/​Grs Ginger T/​Bags 25pk,N/A,was $4.70,$4.65,$9.30 per 100g,https://foodlandbalaklava.com.au//lines/zoetic-l-grs-ginger-t-bags-25pk
Foodland Balaklava,2025-05-05 00:00:05,Zoetic Peppermint T/​Bags 25pk,N/A,was $4.70,$4.65,$9.30 per 100g,https://foodlandbalaklava.com.au//lines/zoetic-peppermint-t-bags-25pk
Foodland Balaklava,2025-05-05 00:00:05,Zoomies Trt Beef Burger,200g,N/A,$7.35,$3.68 per 100g,https://foodlandbalaklava.com.au//lines/zoomies-trt-beef-burger-200g
Foodland Balaklava,2025-05-05 00:00:05,Zoomies Trt Sunday Rst,200g,N/A,$7.35,$3.68 per 100g,https://foodlandbalaklava.com.au//lines/zoomies-trt-sunday-rst-200g
Foodland Balaklava,2025-05-05 00:00:05,Zooper Dooper Sourz,24 x 70mL,N/A,$7.55,$0.45 per 100mL,https://foodlandbalaklava.com.au//lines/zooper-dooper-sourz-24x70ml
Foodland Balaklava,2025-05-05 00:00:05,Zoosh Aioli Garlic,350g,was $5.95,$4.90,$1.40 per 100g,https://foodlandbalaklava.com.au//lines/zoosh-aioli-garlic-350gm-1
Foodland Balaklava,2025-05-05 00:00:05,Zoosh Drs Caesar,300mL,was $4.05,$2.80,$0.93 per 100mL,https://foodlandbalaklava.com.au//lines/zoosh-drs-caesar-300ml
Foodland Balaklava,2025-05-05 00:00:05,Zoosh French Onion Light Dip,185g,was $3.70,$2.50,$1.35 per 100g,https://foodlandbalaklava.com.au//lines/zoosh-dip-frch-onion-lte-185gm
Foodland Balaklava,2025-05-05 00:00:05,Zoosh Huge Crush Creamy Garlic Creamy Dreamy Dip,185g,was $3.70,$2.50,$1.35 per 100g,https://foodlandbalaklava.com.au//lines/zoosh-dip-crmy-garl-herb-185gm
Foodland Balaklava,2025-05-05 00:00:05,Zoosh Italian Dressing,300mL,was $4.05,$2.80,$0.93 per 100mL,https://foodlandbalaklava.com.au//lines/zoosh-drs-italian-300ml
Foodland Balaklava,2025-05-05 00:00:05,Zoosh Mayonnaise,350g,was $5.95,$4.90,$1.40 per 100g,https://foodlandbalaklava.com.au//lines/zoosh-mayonnaise-350gm-1
Foodland Balaklava,2025-05-05 00:00:05,Zovirax Cold Sore Treatment Cream Tube,2g,N/A,$18.40,$92.00 per 10g,https://foodlandbalaklava.com.au//lines/zovirax-cold-sore-crm-tube-2gm
Foodland Balaklava,2025-05-05 00:00:05,Zyrtec / Reactine Zyrtec Rapid Acting Hayfever Allergy Relief Antihistamine Liquid Capsules 10 Pack,N/A,was $14.50,$12.50,$1.25 Each,https://foodlandbalaklava.com.au//lines/zyrtec-liquid-capsules-10pk
Foodland Balaklava,2025-05-05 00:00:05,Zyrtec / Reactine Zyrtec Rapid Acting Hayfever Allergy Relief Antihistamine Mini Tablets 5 Pack,N/A,was $7.00,$6.20,$1.24 Each,https://foodlandbalaklava.com.au//lines/zyrtec-tablets-10mg-5s
Foodland Balaklava,2025-05-05 00:00:05,"[​Nestle Aero Milk Chocolate Block , Null]",118g,was $7.35,$6.20,$5.25 per 100g,https://foodlandbalaklava.com.au//lines/nes-choc-aero-white-118g
